%YAML 1.1
%TAG !u! tag:unity3d.com,2011:
--- !u!29 &1
OcclusionCullingSettings:
  m_ObjectHideFlags: 0
  serializedVersion: 2
  m_OcclusionBakeSettings:
    smallestOccluder: 5
    smallestHole: 0.25
    backfaceThreshold: 100
  m_SceneGUID: 00000000000000000000000000000000
  m_OcclusionCullingData: {fileID: 0}
--- !u!104 &2
RenderSettings:
  m_ObjectHideFlags: 0
  serializedVersion: 9
  m_Fog: 1
  m_FogColor: {r: 0.6886792, g: 0.6886792, b: 0.6886792, a: 1}
  m_FogMode: 1
  m_FogDensity: 0.2
  m_LinearFogStart: 80
  m_LinearFogEnd: 150
  m_AmbientSkyColor: {r: 0.212, g: 0.227, b: 0.259, a: 1}
  m_AmbientEquatorColor: {r: 0.114, g: 0.125, b: 0.133, a: 1}
  m_AmbientGroundColor: {r: 0.047, g: 0.043, b: 0.035, a: 1}
  m_AmbientIntensity: 1
  m_AmbientMode: 0
  m_SubtractiveShadowColor: {r: 0.42, g: 0.478, b: 0.627, a: 1}
  m_SkyboxMaterial: {fileID: 2100000, guid: 46cfa5262df20c74dbc02fd9570b1626, type: 2}
  m_HaloStrength: 0.1
  m_FlareStrength: 1
  m_FlareFadeSpeed: 3
  m_HaloTexture: {fileID: 0}
  m_SpotCookie: {fileID: 10001, guid: 0000000000000000e000000000000000, type: 0}
  m_DefaultReflectionMode: 0
  m_DefaultReflectionResolution: 128
  m_ReflectionBounces: 1
  m_ReflectionIntensity: 1
  m_CustomReflection: {fileID: 0}
  m_Sun: {fileID: 0}
  m_IndirectSpecularColor: {r: 0, g: 0, b: 0, a: 1}
  m_UseRadianceAmbientProbe: 0
--- !u!157 &3
LightmapSettings:
  m_ObjectHideFlags: 0
  serializedVersion: 11
  m_GIWorkflowMode: 1
  m_GISettings:
    serializedVersion: 2
    m_BounceScale: 1
    m_IndirectOutputScale: 1
    m_AlbedoBoost: 1
    m_EnvironmentLightingMode: 0
    m_EnableBakedLightmaps: 1
    m_EnableRealtimeLightmaps: 0
  m_LightmapEditorSettings:
    serializedVersion: 12
    m_Resolution: 2
    m_BakeResolution: 40
    m_AtlasSize: 1024
    m_AO: 0
    m_AOMaxDistance: 1
    m_CompAOExponent: 1
    m_CompAOExponentDirect: 0
    m_ExtractAmbientOcclusion: 0
    m_Padding: 2
    m_LightmapParameters: {fileID: 0}
    m_LightmapsBakeMode: 1
    m_TextureCompression: 1
    m_FinalGather: 0
    m_FinalGatherFiltering: 1
    m_FinalGatherRayCount: 256
    m_ReflectionCompression: 2
    m_MixedBakeMode: 2
    m_BakeBackend: 1
    m_PVRSampling: 1
    m_PVRDirectSampleCount: 32
    m_PVRSampleCount: 512
    m_PVRBounces: 2
    m_PVREnvironmentSampleCount: 256
    m_PVREnvironmentReferencePointCount: 2048
    m_PVRFilteringMode: 1
    m_PVRDenoiserTypeDirect: 1
    m_PVRDenoiserTypeIndirect: 1
    m_PVRDenoiserTypeAO: 1
    m_PVRFilterTypeDirect: 0
    m_PVRFilterTypeIndirect: 0
    m_PVRFilterTypeAO: 0
    m_PVREnvironmentMIS: 1
    m_PVRCulling: 1
    m_PVRFilteringGaussRadiusDirect: 1
    m_PVRFilteringGaussRadiusIndirect: 5
    m_PVRFilteringGaussRadiusAO: 2
    m_PVRFilteringAtrousPositionSigmaDirect: 0.5
    m_PVRFilteringAtrousPositionSigmaIndirect: 2
    m_PVRFilteringAtrousPositionSigmaAO: 1
    m_ExportTrainingData: 0
    m_TrainingDataDestination: TrainingData
    m_LightProbeSampleCountMultiplier: 4
  m_LightingDataAsset: {fileID: 0}
  m_UseShadowmask: 1
--- !u!196 &4
NavMeshSettings:
  serializedVersion: 2
  m_ObjectHideFlags: 0
  m_BuildSettings:
    serializedVersion: 2
    agentTypeID: 0
    agentRadius: 0.5
    agentHeight: 2
    agentSlope: 45
    agentClimb: 0.4
    ledgeDropHeight: 0
    maxJumpAcrossDistance: 0
    minRegionArea: 2
    manualCellSize: 0
    cellSize: 0.16666667
    manualTileSize: 0
    tileSize: 256
    accuratePlacement: 0
    debug:
      m_Flags: 0
  m_NavMeshData: {fileID: 0}
--- !u!1001 &40580474
PrefabInstance:
  m_ObjectHideFlags: 0
  serializedVersion: 2
  m_Modification:
    m_TransformParent: {fileID: 434286541}
    m_Modifications:
    - target: {fileID: 3639820700295566890, guid: 179a26eba183b1342a9703bf06e7d870,
        type: 3}
      propertyPath: m_Pivot.x
      value: 0.5
      objectReference: {fileID: 0}
    - target: {fileID: 3639820700295566890, guid: 179a26eba183b1342a9703bf06e7d870,
        type: 3}
      propertyPath: m_Pivot.y
      value: 0.5
      objectReference: {fileID: 0}
    - target: {fileID: 3639820700295566890, guid: 179a26eba183b1342a9703bf06e7d870,
        type: 3}
      propertyPath: m_RootOrder
      value: 0
      objectReference: {fileID: 0}
    - target: {fileID: 3639820700295566890, guid: 179a26eba183b1342a9703bf06e7d870,
        type: 3}
      propertyPath: m_AnchorMax.x
      value: 0
      objectReference: {fileID: 0}
    - target: {fileID: 3639820700295566890, guid: 179a26eba183b1342a9703bf06e7d870,
        type: 3}
      propertyPath: m_AnchorMax.y
      value: 0
      objectReference: {fileID: 0}
    - target: {fileID: 3639820700295566890, guid: 179a26eba183b1342a9703bf06e7d870,
        type: 3}
      propertyPath: m_AnchorMin.x
      value: 0
      objectReference: {fileID: 0}
    - target: {fileID: 3639820700295566890, guid: 179a26eba183b1342a9703bf06e7d870,
        type: 3}
      propertyPath: m_AnchorMin.y
      value: 0
      objectReference: {fileID: 0}
    - target: {fileID: 3639820700295566890, guid: 179a26eba183b1342a9703bf06e7d870,
        type: 3}
      propertyPath: m_SizeDelta.x
      value: 0
      objectReference: {fileID: 0}
    - target: {fileID: 3639820700295566890, guid: 179a26eba183b1342a9703bf06e7d870,
        type: 3}
      propertyPath: m_SizeDelta.y
      value: 0
      objectReference: {fileID: 0}
    - target: {fileID: 3639820700295566890, guid: 179a26eba183b1342a9703bf06e7d870,
        type: 3}
      propertyPath: m_LocalPosition.x
      value: 0
      objectReference: {fileID: 0}
    - target: {fileID: 3639820700295566890, guid: 179a26eba183b1342a9703bf06e7d870,
        type: 3}
      propertyPath: m_LocalPosition.y
      value: 0
      objectReference: {fileID: 0}
    - target: {fileID: 3639820700295566890, guid: 179a26eba183b1342a9703bf06e7d870,
        type: 3}
      propertyPath: m_LocalPosition.z
      value: 0
      objectReference: {fileID: 0}
    - target: {fileID: 3639820700295566890, guid: 179a26eba183b1342a9703bf06e7d870,
        type: 3}
      propertyPath: m_LocalRotation.w
      value: 1
      objectReference: {fileID: 0}
    - target: {fileID: 3639820700295566890, guid: 179a26eba183b1342a9703bf06e7d870,
        type: 3}
      propertyPath: m_LocalRotation.x
      value: 0
      objectReference: {fileID: 0}
    - target: {fileID: 3639820700295566890, guid: 179a26eba183b1342a9703bf06e7d870,
        type: 3}
      propertyPath: m_LocalRotation.y
      value: 0
      objectReference: {fileID: 0}
    - target: {fileID: 3639820700295566890, guid: 179a26eba183b1342a9703bf06e7d870,
        type: 3}
      propertyPath: m_LocalRotation.z
      value: 0
      objectReference: {fileID: 0}
    - target: {fileID: 3639820700295566890, guid: 179a26eba183b1342a9703bf06e7d870,
        type: 3}
      propertyPath: m_AnchoredPosition.x
      value: 0
      objectReference: {fileID: 0}
    - target: {fileID: 3639820700295566890, guid: 179a26eba183b1342a9703bf06e7d870,
        type: 3}
      propertyPath: m_AnchoredPosition.y
      value: 0
      objectReference: {fileID: 0}
    - target: {fileID: 3639820700295566890, guid: 179a26eba183b1342a9703bf06e7d870,
        type: 3}
      propertyPath: m_LocalEulerAnglesHint.x
      value: 0
      objectReference: {fileID: 0}
    - target: {fileID: 3639820700295566890, guid: 179a26eba183b1342a9703bf06e7d870,
        type: 3}
      propertyPath: m_LocalEulerAnglesHint.y
      value: 0
      objectReference: {fileID: 0}
    - target: {fileID: 3639820700295566890, guid: 179a26eba183b1342a9703bf06e7d870,
        type: 3}
      propertyPath: m_LocalEulerAnglesHint.z
      value: 0
      objectReference: {fileID: 0}
    - target: {fileID: 3639820700295566891, guid: 179a26eba183b1342a9703bf06e7d870,
        type: 3}
      propertyPath: m_Name
      value: ObjetoInventario (1)
      objectReference: {fileID: 0}
    m_RemovedComponents: []
  m_SourcePrefab: {fileID: 100100000, guid: 179a26eba183b1342a9703bf06e7d870, type: 3}
--- !u!21 &135433882
Material:
  serializedVersion: 6
  m_ObjectHideFlags: 0
  m_CorrespondingSourceObject: {fileID: 0}
  m_PrefabInstance: {fileID: 0}
  m_PrefabAsset: {fileID: 0}
  m_Name: ColorSideMaterial
  m_Shader: {fileID: 46, guid: 0000000000000000f000000000000000, type: 0}
  m_ShaderKeywords: _ALPHAPREMULTIPLY_ON
  m_LightmapFlags: 4
  m_EnableInstancingVariants: 0
  m_DoubleSidedGI: 0
  m_CustomRenderQueue: 3000
  stringTagMap:
    RenderType: Transparent
  disabledShaderPasses: []
  m_SavedProperties:
    serializedVersion: 3
    m_TexEnvs:
    - _BaseTex:
        m_Texture: {fileID: 2800000, guid: 4d520150ef3724e4bb52237605c761df, type: 3}
        m_Scale: {x: 1, y: 1}
        m_Offset: {x: 0, y: 0}
    - _BumpMap:
        m_Texture: {fileID: 0}
        m_Scale: {x: 1, y: 1}
        m_Offset: {x: 0, y: 0}
    - _DetailAlbedoMap:
        m_Texture: {fileID: 0}
        m_Scale: {x: 1, y: 1}
        m_Offset: {x: 0, y: 0}
    - _DetailMask:
        m_Texture: {fileID: 0}
        m_Scale: {x: 1, y: 1}
        m_Offset: {x: 0, y: 0}
    - _DetailNormalMap:
        m_Texture: {fileID: 0}
        m_Scale: {x: 1, y: 1}
        m_Offset: {x: 0, y: 0}
    - _DetailTex:
        m_Texture: {fileID: 2800000, guid: 36bfefc139bfa434daf90848bb333e1d, type: 3}
        m_Scale: {x: 1, y: 1}
        m_Offset: {x: 0, y: 0}
    - _DetailTex1:
        m_Texture: {fileID: 2800000, guid: 36bfefc139bfa434daf90848bb333e1d, type: 3}
        m_Scale: {x: 1, y: 1}
        m_Offset: {x: 0, y: 0}
    - _DetailTex2:
        m_Texture: {fileID: 2800000, guid: aaebc04bedf1444bebad66d5386b3744, type: 3}
        m_Scale: {x: 1, y: 1}
        m_Offset: {x: 0, y: 0}
    - _EmissionMap:
        m_Texture: {fileID: 0}
        m_Scale: {x: 1, y: 1}
        m_Offset: {x: 0, y: 0}
    - _MainTex:
        m_Texture: {fileID: 0}
        m_Scale: {x: 1, y: 1}
        m_Offset: {x: 0, y: 0}
    - _MetallicGlossMap:
        m_Texture: {fileID: 0}
        m_Scale: {x: 1, y: 1}
        m_Offset: {x: 0, y: 0}
    - _OcclusionMap:
        m_Texture: {fileID: 0}
        m_Scale: {x: 1, y: 1}
        m_Offset: {x: 0, y: 0}
    - _ParallaxMap:
        m_Texture: {fileID: 0}
        m_Scale: {x: 1, y: 1}
        m_Offset: {x: 0, y: 0}
    - _WindowTex:
        m_Texture: {fileID: 2800000, guid: aaebc04bedf1444bebad66d5386b3744, type: 3}
        m_Scale: {x: 1, y: 1}
        m_Offset: {x: 0, y: 0}
    m_Floats:
    - _BumpScale: 1
    - _Cutoff: 0.5
    - _DetailNormalMapScale: 1
    - _DstBlend: 10
    - _Emission: 0.75
    - _GlossMapScale: 1
    - _Glossiness: 0
    - _GlossyReflections: 1
    - _Metallic: 0
    - _Mode: 3
    - _OcclusionStrength: 1
    - _Parallax: 0.02
    - _SmoothnessTextureChannel: 0
    - _SpecularHighlights: 1
    - _SrcBlend: 1
    - _UVSec: 0
    - _ZWrite: 0
    m_Colors:
    - _BaseColor: {r: 1, g: 1, b: 1, a: 1}
    - _Color: {r: 0.35292807, g: 0.65706927, b: 0.9716981, a: 0.78431374}
    - _DetailColor: {r: 0, g: 0.751724, b: 1, a: 1}
    - _DetailColor1: {r: 1, g: 1, b: 1, a: 1}
    - _DetailColor2: {r: 1, g: 1, b: 1, a: 1}
    - _EmissionColor: {r: 0, g: 0, b: 0, a: 0}
    - _WindowColor: {r: 1, g: 1, b: 1, a: 1}
--- !u!1001 &230549118
PrefabInstance:
  m_ObjectHideFlags: 0
  serializedVersion: 2
  m_Modification:
    m_TransformParent: {fileID: 434286541}
    m_Modifications:
    - target: {fileID: 3639820700295566890, guid: 179a26eba183b1342a9703bf06e7d870,
        type: 3}
      propertyPath: m_Pivot.x
      value: 0.5
      objectReference: {fileID: 0}
    - target: {fileID: 3639820700295566890, guid: 179a26eba183b1342a9703bf06e7d870,
        type: 3}
      propertyPath: m_Pivot.y
      value: 0.5
      objectReference: {fileID: 0}
    - target: {fileID: 3639820700295566890, guid: 179a26eba183b1342a9703bf06e7d870,
        type: 3}
      propertyPath: m_RootOrder
      value: 1
      objectReference: {fileID: 0}
    - target: {fileID: 3639820700295566890, guid: 179a26eba183b1342a9703bf06e7d870,
        type: 3}
      propertyPath: m_AnchorMax.x
      value: 0
      objectReference: {fileID: 0}
    - target: {fileID: 3639820700295566890, guid: 179a26eba183b1342a9703bf06e7d870,
        type: 3}
      propertyPath: m_AnchorMax.y
      value: 0
      objectReference: {fileID: 0}
    - target: {fileID: 3639820700295566890, guid: 179a26eba183b1342a9703bf06e7d870,
        type: 3}
      propertyPath: m_AnchorMin.x
      value: 0
      objectReference: {fileID: 0}
    - target: {fileID: 3639820700295566890, guid: 179a26eba183b1342a9703bf06e7d870,
        type: 3}
      propertyPath: m_AnchorMin.y
      value: 0
      objectReference: {fileID: 0}
    - target: {fileID: 3639820700295566890, guid: 179a26eba183b1342a9703bf06e7d870,
        type: 3}
      propertyPath: m_SizeDelta.x
      value: 0
      objectReference: {fileID: 0}
    - target: {fileID: 3639820700295566890, guid: 179a26eba183b1342a9703bf06e7d870,
        type: 3}
      propertyPath: m_SizeDelta.y
      value: 0
      objectReference: {fileID: 0}
    - target: {fileID: 3639820700295566890, guid: 179a26eba183b1342a9703bf06e7d870,
        type: 3}
      propertyPath: m_LocalPosition.x
      value: 0
      objectReference: {fileID: 0}
    - target: {fileID: 3639820700295566890, guid: 179a26eba183b1342a9703bf06e7d870,
        type: 3}
      propertyPath: m_LocalPosition.y
      value: 0
      objectReference: {fileID: 0}
    - target: {fileID: 3639820700295566890, guid: 179a26eba183b1342a9703bf06e7d870,
        type: 3}
      propertyPath: m_LocalPosition.z
      value: 0
      objectReference: {fileID: 0}
    - target: {fileID: 3639820700295566890, guid: 179a26eba183b1342a9703bf06e7d870,
        type: 3}
      propertyPath: m_LocalRotation.w
      value: 1
      objectReference: {fileID: 0}
    - target: {fileID: 3639820700295566890, guid: 179a26eba183b1342a9703bf06e7d870,
        type: 3}
      propertyPath: m_LocalRotation.x
      value: 0
      objectReference: {fileID: 0}
    - target: {fileID: 3639820700295566890, guid: 179a26eba183b1342a9703bf06e7d870,
        type: 3}
      propertyPath: m_LocalRotation.y
      value: 0
      objectReference: {fileID: 0}
    - target: {fileID: 3639820700295566890, guid: 179a26eba183b1342a9703bf06e7d870,
        type: 3}
      propertyPath: m_LocalRotation.z
      value: 0
      objectReference: {fileID: 0}
    - target: {fileID: 3639820700295566890, guid: 179a26eba183b1342a9703bf06e7d870,
        type: 3}
      propertyPath: m_AnchoredPosition.x
      value: 0
      objectReference: {fileID: 0}
    - target: {fileID: 3639820700295566890, guid: 179a26eba183b1342a9703bf06e7d870,
        type: 3}
      propertyPath: m_AnchoredPosition.y
      value: 0
      objectReference: {fileID: 0}
    - target: {fileID: 3639820700295566890, guid: 179a26eba183b1342a9703bf06e7d870,
        type: 3}
      propertyPath: m_LocalEulerAnglesHint.x
      value: 0
      objectReference: {fileID: 0}
    - target: {fileID: 3639820700295566890, guid: 179a26eba183b1342a9703bf06e7d870,
        type: 3}
      propertyPath: m_LocalEulerAnglesHint.y
      value: 0
      objectReference: {fileID: 0}
    - target: {fileID: 3639820700295566890, guid: 179a26eba183b1342a9703bf06e7d870,
        type: 3}
      propertyPath: m_LocalEulerAnglesHint.z
      value: 0
      objectReference: {fileID: 0}
    - target: {fileID: 3639820700295566891, guid: 179a26eba183b1342a9703bf06e7d870,
        type: 3}
      propertyPath: m_Name
      value: ObjetoInventario
      objectReference: {fileID: 0}
    m_RemovedComponents: []
  m_SourcePrefab: {fileID: 100100000, guid: 179a26eba183b1342a9703bf06e7d870, type: 3}
--- !u!1 &244182539
GameObject:
  m_ObjectHideFlags: 0
  m_CorrespondingSourceObject: {fileID: 0}
  m_PrefabInstance: {fileID: 0}
  m_PrefabAsset: {fileID: 0}
  serializedVersion: 6
  m_Component:
  - component: {fileID: 244182543}
  - component: {fileID: 244182542}
  - component: {fileID: 244182541}
  - component: {fileID: 244182540}
  - component: {fileID: 244182544}
  m_Layer: 5
  m_Name: Canvas
  m_TagString: Untagged
  m_Icon: {fileID: 0}
  m_NavMeshLayer: 0
  m_StaticEditorFlags: 0
  m_IsActive: 1
--- !u!114 &244182540
MonoBehaviour:
  m_ObjectHideFlags: 0
  m_CorrespondingSourceObject: {fileID: 0}
  m_PrefabInstance: {fileID: 0}
  m_PrefabAsset: {fileID: 0}
  m_GameObject: {fileID: 244182539}
  m_Enabled: 1
  m_EditorHideFlags: 0
  m_Script: {fileID: 11500000, guid: dc42784cf147c0c48a680349fa168899, type: 3}
  m_Name: 
  m_EditorClassIdentifier: 
  m_IgnoreReversedGraphics: 1
  m_BlockingObjects: 0
  m_BlockingMask:
    serializedVersion: 2
    m_Bits: 4294967295
--- !u!114 &244182541
MonoBehaviour:
  m_ObjectHideFlags: 0
  m_CorrespondingSourceObject: {fileID: 0}
  m_PrefabInstance: {fileID: 0}
  m_PrefabAsset: {fileID: 0}
  m_GameObject: {fileID: 244182539}
  m_Enabled: 1
  m_EditorHideFlags: 0
  m_Script: {fileID: 11500000, guid: 0cd44c1031e13a943bb63640046fad76, type: 3}
  m_Name: 
  m_EditorClassIdentifier: 
  m_UiScaleMode: 1
  m_ReferencePixelsPerUnit: 100
  m_ScaleFactor: 1
  m_ReferenceResolution: {x: 1080, y: 2340}
  m_ScreenMatchMode: 0
  m_MatchWidthOrHeight: 0
  m_PhysicalUnit: 3
  m_FallbackScreenDPI: 96
  m_DefaultSpriteDPI: 96
  m_DynamicPixelsPerUnit: 1
--- !u!223 &244182542
Canvas:
  m_ObjectHideFlags: 0
  m_CorrespondingSourceObject: {fileID: 0}
  m_PrefabInstance: {fileID: 0}
  m_PrefabAsset: {fileID: 0}
  m_GameObject: {fileID: 244182539}
  m_Enabled: 1
  serializedVersion: 3
  m_RenderMode: 0
  m_Camera: {fileID: 0}
  m_PlaneDistance: 100
  m_PixelPerfect: 0
  m_ReceivesEvents: 1
  m_OverrideSorting: 0
  m_OverridePixelPerfect: 0
  m_SortingBucketNormalizedSize: 0
  m_AdditionalShaderChannelsFlag: 25
  m_SortingLayerID: 0
  m_SortingOrder: 0
  m_TargetDisplay: 0
--- !u!224 &244182543
RectTransform:
  m_ObjectHideFlags: 0
  m_CorrespondingSourceObject: {fileID: 0}
  m_PrefabInstance: {fileID: 0}
  m_PrefabAsset: {fileID: 0}
  m_GameObject: {fileID: 244182539}
  m_LocalRotation: {x: 0, y: 0, z: 0, w: 1}
  m_LocalPosition: {x: 0, y: 0, z: 0}
  m_LocalScale: {x: 0, y: 0, z: 0}
  m_Children:
  - {fileID: 2135381620}
  - {fileID: 434286541}
  - {fileID: 1790259694}
  m_Father: {fileID: 0}
  m_RootOrder: 6
  m_LocalEulerAnglesHint: {x: 0, y: 0, z: 0}
  m_AnchorMin: {x: 0, y: 0}
  m_AnchorMax: {x: 0, y: 0}
  m_AnchoredPosition: {x: 0, y: 0}
  m_SizeDelta: {x: 0, y: 0}
  m_Pivot: {x: 0, y: 0}
--- !u!114 &244182544
MonoBehaviour:
  m_ObjectHideFlags: 0
  m_CorrespondingSourceObject: {fileID: 0}
  m_PrefabInstance: {fileID: 0}
  m_PrefabAsset: {fileID: 0}
  m_GameObject: {fileID: 244182539}
  m_Enabled: 1
  m_EditorHideFlags: 0
  m_Script: {fileID: 11500000, guid: c0d78cea6b099494fa38c5b82240439f, type: 3}
  m_Name: 
  m_EditorClassIdentifier: 
  _ListaCriaturasUI: {fileID: 0}
  _OpenListButton: {fileID: 0}
  _closeListButton: {fileID: 0}
--- !u!1 &372652334
GameObject:
  m_ObjectHideFlags: 0
  m_CorrespondingSourceObject: {fileID: 0}
  m_PrefabInstance: {fileID: 0}
  m_PrefabAsset: {fileID: 0}
  serializedVersion: 6
  m_Component:
  - component: {fileID: 372652335}
  - component: {fileID: 372652337}
  - component: {fileID: 372652336}
  m_Layer: 5
  m_Name: Text (TMP)
  m_TagString: Untagged
  m_Icon: {fileID: 0}
  m_NavMeshLayer: 0
  m_StaticEditorFlags: 0
  m_IsActive: 1
--- !u!224 &372652335
RectTransform:
  m_ObjectHideFlags: 0
  m_CorrespondingSourceObject: {fileID: 0}
  m_PrefabInstance: {fileID: 0}
  m_PrefabAsset: {fileID: 0}
  m_GameObject: {fileID: 372652334}
  m_LocalRotation: {x: 0, y: 0, z: 0, w: 1}
  m_LocalPosition: {x: 0, y: 0, z: 0}
  m_LocalScale: {x: 1, y: 1, z: 1}
  m_Children: []
  m_Father: {fileID: 1790259694}
  m_RootOrder: 0
  m_LocalEulerAnglesHint: {x: 0, y: 0, z: 0}
  m_AnchorMin: {x: 0, y: 0}
  m_AnchorMax: {x: 1, y: 1}
  m_AnchoredPosition: {x: 0, y: 0}
  m_SizeDelta: {x: 0, y: 0}
  m_Pivot: {x: 0.5, y: 0.5}
--- !u!114 &372652336
MonoBehaviour:
  m_ObjectHideFlags: 0
  m_CorrespondingSourceObject: {fileID: 0}
  m_PrefabInstance: {fileID: 0}
  m_PrefabAsset: {fileID: 0}
  m_GameObject: {fileID: 372652334}
  m_Enabled: 1
  m_EditorHideFlags: 0
  m_Script: {fileID: 11500000, guid: f4688fdb7df04437aeb418b961361dc5, type: 3}
  m_Name: 
  m_EditorClassIdentifier: 
  m_Material: {fileID: 0}
  m_Color: {r: 1, g: 1, b: 1, a: 1}
  m_RaycastTarget: 1
  m_Maskable: 1
  m_OnCullStateChanged:
    m_PersistentCalls:
      m_Calls: []
  m_text: 'Cerrar

    Inventario'
  m_isRightToLeft: 0
  m_fontAsset: {fileID: 11400000, guid: 8f586378b4e144a9851e7b34d9b748ee, type: 2}
  m_sharedMaterial: {fileID: 2180264, guid: 8f586378b4e144a9851e7b34d9b748ee, type: 2}
  m_fontSharedMaterials: []
  m_fontMaterial: {fileID: 0}
  m_fontMaterials: []
  m_fontColor32:
    serializedVersion: 2
    rgba: 4278190080
  m_fontColor: {r: 0, g: 0, b: 0, a: 1}
  m_enableVertexGradient: 0
  m_colorMode: 3
  m_fontColorGradient:
    topLeft: {r: 1, g: 1, b: 1, a: 1}
    topRight: {r: 1, g: 1, b: 1, a: 1}
    bottomLeft: {r: 1, g: 1, b: 1, a: 1}
    bottomRight: {r: 1, g: 1, b: 1, a: 1}
  m_fontColorGradientPreset: {fileID: 0}
  m_spriteAsset: {fileID: 0}
  m_tintAllSprites: 0
  m_StyleSheet: {fileID: 0}
  m_TextStyleHashCode: -1183493901
  m_overrideHtmlColors: 0
  m_faceColor:
    serializedVersion: 2
    rgba: 4294967295
  m_fontSize: 39.7
  m_fontSizeBase: 24
  m_fontWeight: 400
  m_enableAutoSizing: 1
  m_fontSizeMin: 1
  m_fontSizeMax: 1000
  m_fontStyle: 1
  m_HorizontalAlignment: 2
  m_VerticalAlignment: 512
  m_textAlignment: 65535
  m_characterSpacing: 0
  m_wordSpacing: 0
  m_lineSpacing: 0
  m_lineSpacingMax: 0
  m_paragraphSpacing: 0
  m_charWidthMaxAdj: 0
  m_enableWordWrapping: 0
  m_wordWrappingRatios: 0.4
  m_overflowMode: 0
  m_linkedTextComponent: {fileID: 0}
  parentLinkedComponent: {fileID: 0}
  m_enableKerning: 0
  m_enableExtraPadding: 0
  checkPaddingRequired: 0
  m_isRichText: 1
  m_parseCtrlCharacters: 1
  m_isOrthographic: 1
  m_isCullingEnabled: 0
  m_horizontalMapping: 0
  m_verticalMapping: 0
  m_uvLineOffset: 0
  m_geometrySortingOrder: 0
  m_IsTextObjectScaleStatic: 0
  m_VertexBufferAutoSizeReduction: 0
  m_useMaxVisibleDescender: 1
  m_pageToDisplay: 1
  m_margin: {x: 0, y: 0, z: 0, w: 0}
  m_isUsingLegacyAnimationComponent: 0
  m_isVolumetricText: 0
  m_hasFontAssetChanged: 0
  m_baseMaterial: {fileID: 0}
  m_maskOffset: {x: 0, y: 0, z: 0, w: 0}
--- !u!222 &372652337
CanvasRenderer:
  m_ObjectHideFlags: 0
  m_CorrespondingSourceObject: {fileID: 0}
  m_PrefabInstance: {fileID: 0}
  m_PrefabAsset: {fileID: 0}
  m_GameObject: {fileID: 372652334}
  m_CullTransparentMesh: 0
--- !u!1 &434286540
GameObject:
  m_ObjectHideFlags: 0
  m_CorrespondingSourceObject: {fileID: 0}
  m_PrefabInstance: {fileID: 0}
  m_PrefabAsset: {fileID: 0}
  serializedVersion: 6
  m_Component:
  - component: {fileID: 434286541}
  - component: {fileID: 434286542}
  m_Layer: 5
  m_Name: ListaDeCriaturas
  m_TagString: Untagged
  m_Icon: {fileID: 0}
  m_NavMeshLayer: 0
  m_StaticEditorFlags: 0
  m_IsActive: 0
--- !u!224 &434286541
RectTransform:
  m_ObjectHideFlags: 0
  m_CorrespondingSourceObject: {fileID: 0}
  m_PrefabInstance: {fileID: 0}
  m_PrefabAsset: {fileID: 0}
  m_GameObject: {fileID: 434286540}
  m_LocalRotation: {x: 0, y: 0, z: 0, w: 1}
  m_LocalPosition: {x: 0, y: 0, z: 0}
  m_LocalScale: {x: 1, y: 1, z: 1}
  m_Children:
  - {fileID: 1518977222}
  - {fileID: 1034215734}
  m_Father: {fileID: 244182543}
  m_RootOrder: 1
  m_LocalEulerAnglesHint: {x: 0, y: 0, z: 0}
  m_AnchorMin: {x: 0, y: 0}
  m_AnchorMax: {x: 1, y: 1}
  m_AnchoredPosition: {x: 0, y: 112.5}
  m_SizeDelta: {x: 0, y: -225}
  m_Pivot: {x: 0.5, y: 0.5}
--- !u!114 &434286542
MonoBehaviour:
  m_ObjectHideFlags: 0
  m_CorrespondingSourceObject: {fileID: 0}
  m_PrefabInstance: {fileID: 0}
  m_PrefabAsset: {fileID: 0}
  m_GameObject: {fileID: 434286540}
  m_Enabled: 1
  m_EditorHideFlags: 0
  m_Script: {fileID: 11500000, guid: 8a8695521f0d02e499659fee002a26c2, type: 3}
  m_Name: 
  m_EditorClassIdentifier: 
  m_Padding:
    m_Left: 0
    m_Right: 0
    m_Top: 0
    m_Bottom: 0
  m_ChildAlignment: 0
  m_StartCorner: 0
  m_StartAxis: 0
  m_CellSize: {x: 325, y: 300}
  m_Spacing: {x: 50, y: 20}
  m_Constraint: 0
  m_ConstraintCount: 2
--- !u!1001 &464965148
PrefabInstance:
  m_ObjectHideFlags: 0
  serializedVersion: 2
  m_Modification:
    m_TransformParent: {fileID: 0}
    m_Modifications:
    - target: {fileID: 3709110380251379416, guid: ef63b56ffb8aee146a4659f37c010435,
        type: 3}
      propertyPath: m_RootOrder
      value: 3
      objectReference: {fileID: 0}
    - target: {fileID: 3709110380251379416, guid: ef63b56ffb8aee146a4659f37c010435,
        type: 3}
      propertyPath: m_LocalPosition.x
      value: 0
      objectReference: {fileID: 0}
    - target: {fileID: 3709110380251379416, guid: ef63b56ffb8aee146a4659f37c010435,
        type: 3}
      propertyPath: m_LocalPosition.y
      value: 0
      objectReference: {fileID: 0}
    - target: {fileID: 3709110380251379416, guid: ef63b56ffb8aee146a4659f37c010435,
        type: 3}
      propertyPath: m_LocalPosition.z
      value: 0
      objectReference: {fileID: 0}
    - target: {fileID: 3709110380251379416, guid: ef63b56ffb8aee146a4659f37c010435,
        type: 3}
      propertyPath: m_LocalRotation.w
      value: 1
      objectReference: {fileID: 0}
    - target: {fileID: 3709110380251379416, guid: ef63b56ffb8aee146a4659f37c010435,
        type: 3}
      propertyPath: m_LocalRotation.x
      value: 0
      objectReference: {fileID: 0}
    - target: {fileID: 3709110380251379416, guid: ef63b56ffb8aee146a4659f37c010435,
        type: 3}
      propertyPath: m_LocalRotation.y
      value: 0
      objectReference: {fileID: 0}
    - target: {fileID: 3709110380251379416, guid: ef63b56ffb8aee146a4659f37c010435,
        type: 3}
      propertyPath: m_LocalRotation.z
      value: 0
      objectReference: {fileID: 0}
    - target: {fileID: 3709110380251379416, guid: ef63b56ffb8aee146a4659f37c010435,
        type: 3}
      propertyPath: m_LocalEulerAnglesHint.x
      value: 0
      objectReference: {fileID: 0}
    - target: {fileID: 3709110380251379416, guid: ef63b56ffb8aee146a4659f37c010435,
        type: 3}
      propertyPath: m_LocalEulerAnglesHint.y
      value: 0
      objectReference: {fileID: 0}
    - target: {fileID: 3709110380251379416, guid: ef63b56ffb8aee146a4659f37c010435,
        type: 3}
      propertyPath: m_LocalEulerAnglesHint.z
      value: 0
      objectReference: {fileID: 0}
    - target: {fileID: 3709110380251379417, guid: ef63b56ffb8aee146a4659f37c010435,
        type: 3}
      propertyPath: m_Name
      value: Jugador
      objectReference: {fileID: 0}
    - target: {fileID: 3709110380251379417, guid: ef63b56ffb8aee146a4659f37c010435,
        type: 3}
      propertyPath: m_TagString
      value: Player
      objectReference: {fileID: 0}
    - target: {fileID: 3709110380796174654, guid: ef63b56ffb8aee146a4659f37c010435,
        type: 3}
      propertyPath: _creatureLayer.m_Bits
      value: 256
      objectReference: {fileID: 0}
    m_RemovedComponents: []
  m_SourcePrefab: {fileID: 100100000, guid: ef63b56ffb8aee146a4659f37c010435, type: 3}
--- !u!4 &582153185 stripped
Transform:
  m_CorrespondingSourceObject: {fileID: 3709110380251379416, guid: ef63b56ffb8aee146a4659f37c010435,
    type: 3}
  m_PrefabInstance: {fileID: 464965148}
  m_PrefabAsset: {fileID: 0}
--- !u!1 &881303846
GameObject:
  m_ObjectHideFlags: 0
  m_CorrespondingSourceObject: {fileID: 0}
  m_PrefabInstance: {fileID: 0}
  m_PrefabAsset: {fileID: 0}
  serializedVersion: 6
  m_Component:
  - component: {fileID: 881303847}
  - component: {fileID: 881303849}
  - component: {fileID: 881303848}
  m_Layer: 5
  m_Name: Text (TMP)
  m_TagString: Untagged
  m_Icon: {fileID: 0}
  m_NavMeshLayer: 0
  m_StaticEditorFlags: 0
  m_IsActive: 1
--- !u!224 &881303847
RectTransform:
  m_ObjectHideFlags: 0
  m_CorrespondingSourceObject: {fileID: 0}
  m_PrefabInstance: {fileID: 0}
  m_PrefabAsset: {fileID: 0}
  m_GameObject: {fileID: 881303846}
  m_LocalRotation: {x: 0, y: 0, z: 0, w: 1}
  m_LocalPosition: {x: 0, y: 0, z: 0}
  m_LocalScale: {x: 1, y: 1, z: 1}
  m_Children: []
  m_Father: {fileID: 2135381620}
  m_RootOrder: 0
  m_LocalEulerAnglesHint: {x: 0, y: 0, z: 0}
  m_AnchorMin: {x: 0, y: 0}
  m_AnchorMax: {x: 1, y: 1}
  m_AnchoredPosition: {x: 0, y: 0}
  m_SizeDelta: {x: 0, y: 0}
  m_Pivot: {x: 0.5, y: 0.5}
--- !u!114 &881303848
MonoBehaviour:
  m_ObjectHideFlags: 0
  m_CorrespondingSourceObject: {fileID: 0}
  m_PrefabInstance: {fileID: 0}
  m_PrefabAsset: {fileID: 0}
  m_GameObject: {fileID: 881303846}
  m_Enabled: 1
  m_EditorHideFlags: 0
  m_Script: {fileID: 11500000, guid: f4688fdb7df04437aeb418b961361dc5, type: 3}
  m_Name: 
  m_EditorClassIdentifier: 
  m_Material: {fileID: 0}
  m_Color: {r: 1, g: 1, b: 1, a: 1}
  m_RaycastTarget: 1
  m_Maskable: 1
  m_OnCullStateChanged:
    m_PersistentCalls:
      m_Calls: []
  m_text: Inventario
  m_isRightToLeft: 0
  m_fontAsset: {fileID: 11400000, guid: 8f586378b4e144a9851e7b34d9b748ee, type: 2}
  m_sharedMaterial: {fileID: 2180264, guid: 8f586378b4e144a9851e7b34d9b748ee, type: 2}
  m_fontSharedMaterials: []
  m_fontMaterial: {fileID: 0}
  m_fontMaterials: []
  m_fontColor32:
    serializedVersion: 2
    rgba: 4278190080
  m_fontColor: {r: 0, g: 0, b: 0, a: 1}
  m_enableVertexGradient: 0
  m_colorMode: 3
  m_fontColorGradient:
    topLeft: {r: 1, g: 1, b: 1, a: 1}
    topRight: {r: 1, g: 1, b: 1, a: 1}
    bottomLeft: {r: 1, g: 1, b: 1, a: 1}
    bottomRight: {r: 1, g: 1, b: 1, a: 1}
  m_fontColorGradientPreset: {fileID: 0}
  m_spriteAsset: {fileID: 0}
  m_tintAllSprites: 0
  m_StyleSheet: {fileID: 0}
  m_TextStyleHashCode: -1183493901
  m_overrideHtmlColors: 0
  m_faceColor:
    serializedVersion: 2
    rgba: 4294967295
  m_fontSize: 39.7
  m_fontSizeBase: 24
  m_fontWeight: 400
  m_enableAutoSizing: 1
  m_fontSizeMin: 1
  m_fontSizeMax: 1000
  m_fontStyle: 1
  m_HorizontalAlignment: 2
  m_VerticalAlignment: 512
  m_textAlignment: 65535
  m_characterSpacing: 0
  m_wordSpacing: 0
  m_lineSpacing: 0
  m_lineSpacingMax: 0
  m_paragraphSpacing: 0
  m_charWidthMaxAdj: 0
  m_enableWordWrapping: 0
  m_wordWrappingRatios: 0.4
  m_overflowMode: 0
  m_linkedTextComponent: {fileID: 0}
  parentLinkedComponent: {fileID: 0}
  m_enableKerning: 0
  m_enableExtraPadding: 0
  checkPaddingRequired: 0
  m_isRichText: 1
  m_parseCtrlCharacters: 1
  m_isOrthographic: 1
  m_isCullingEnabled: 0
  m_horizontalMapping: 0
  m_verticalMapping: 0
  m_uvLineOffset: 0
  m_geometrySortingOrder: 0
  m_IsTextObjectScaleStatic: 0
  m_VertexBufferAutoSizeReduction: 0
  m_useMaxVisibleDescender: 1
  m_pageToDisplay: 1
  m_margin: {x: 0, y: 0, z: 0, w: 0}
  m_isUsingLegacyAnimationComponent: 0
  m_isVolumetricText: 0
  m_hasFontAssetChanged: 0
  m_baseMaterial: {fileID: 0}
  m_maskOffset: {x: 0, y: 0, z: 0, w: 0}
--- !u!222 &881303849
CanvasRenderer:
  m_ObjectHideFlags: 0
  m_CorrespondingSourceObject: {fileID: 0}
  m_PrefabInstance: {fileID: 0}
  m_PrefabAsset: {fileID: 0}
  m_GameObject: {fileID: 881303846}
  m_CullTransparentMesh: 0
--- !u!1001 &945446019
PrefabInstance:
  m_ObjectHideFlags: 0
  serializedVersion: 2
  m_Modification:
    m_TransformParent: {fileID: 0}
    m_Modifications:
    - target: {fileID: 1257486800756004, guid: e6b749c6d877f4c19a5a5c3c0783d53b, type: 3}
      propertyPath: m_Name
      value: WorldMap
      objectReference: {fileID: 0}
    - target: {fileID: 4867834046800562, guid: e6b749c6d877f4c19a5a5c3c0783d53b, type: 3}
      propertyPath: m_RootOrder
      value: 1
      objectReference: {fileID: 0}
    - target: {fileID: 4867834046800562, guid: e6b749c6d877f4c19a5a5c3c0783d53b, type: 3}
      propertyPath: m_LocalScale.x
      value: 1
      objectReference: {fileID: 0}
    - target: {fileID: 4867834046800562, guid: e6b749c6d877f4c19a5a5c3c0783d53b, type: 3}
      propertyPath: m_LocalScale.y
      value: 1
      objectReference: {fileID: 0}
    - target: {fileID: 4867834046800562, guid: e6b749c6d877f4c19a5a5c3c0783d53b, type: 3}
      propertyPath: m_LocalScale.z
      value: 1
      objectReference: {fileID: 0}
    - target: {fileID: 4867834046800562, guid: e6b749c6d877f4c19a5a5c3c0783d53b, type: 3}
      propertyPath: m_LocalPosition.x
      value: 0
      objectReference: {fileID: 0}
    - target: {fileID: 4867834046800562, guid: e6b749c6d877f4c19a5a5c3c0783d53b, type: 3}
      propertyPath: m_LocalPosition.y
      value: -0.5
      objectReference: {fileID: 0}
    - target: {fileID: 4867834046800562, guid: e6b749c6d877f4c19a5a5c3c0783d53b, type: 3}
      propertyPath: m_LocalPosition.z
      value: 0
      objectReference: {fileID: 0}
    - target: {fileID: 4867834046800562, guid: e6b749c6d877f4c19a5a5c3c0783d53b, type: 3}
      propertyPath: m_LocalRotation.w
      value: 1
      objectReference: {fileID: 0}
    - target: {fileID: 4867834046800562, guid: e6b749c6d877f4c19a5a5c3c0783d53b, type: 3}
      propertyPath: m_LocalRotation.x
      value: 0
      objectReference: {fileID: 0}
    - target: {fileID: 4867834046800562, guid: e6b749c6d877f4c19a5a5c3c0783d53b, type: 3}
      propertyPath: m_LocalRotation.y
      value: 0
      objectReference: {fileID: 0}
    - target: {fileID: 4867834046800562, guid: e6b749c6d877f4c19a5a5c3c0783d53b, type: 3}
      propertyPath: m_LocalRotation.z
      value: 0
      objectReference: {fileID: 0}
    - target: {fileID: 4867834046800562, guid: e6b749c6d877f4c19a5a5c3c0783d53b, type: 3}
      propertyPath: m_LocalEulerAnglesHint.x
      value: 0
      objectReference: {fileID: 0}
    - target: {fileID: 4867834046800562, guid: e6b749c6d877f4c19a5a5c3c0783d53b, type: 3}
      propertyPath: m_LocalEulerAnglesHint.y
      value: 0
      objectReference: {fileID: 0}
    - target: {fileID: 4867834046800562, guid: e6b749c6d877f4c19a5a5c3c0783d53b, type: 3}
      propertyPath: m_LocalEulerAnglesHint.z
      value: 0
      objectReference: {fileID: 0}
    - target: {fileID: 114478715909612932, guid: e6b749c6d877f4c19a5a5c3c0783d53b,
        type: 3}
      propertyPath: _tileProvider
      value: 
      objectReference: {fileID: 0}
    - target: {fileID: 114478715909612932, guid: e6b749c6d877f4c19a5a5c3c0783d53b,
        type: 3}
      propertyPath: _options.locationOptions.zoom
      value: 16
      objectReference: {fileID: 0}
    - target: {fileID: 114478715909612932, guid: e6b749c6d877f4c19a5a5c3c0783d53b,
        type: 3}
      propertyPath: _previewOptions.isPreviewEnabled
      value: 0
      objectReference: {fileID: 0}
    - target: {fileID: 114478715909612932, guid: e6b749c6d877f4c19a5a5c3c0783d53b,
        type: 3}
      propertyPath: _options.extentOptions.extentType
      value: 2
      objectReference: {fileID: 0}
    - target: {fileID: 114478715909612932, guid: e6b749c6d877f4c19a5a5c3c0783d53b,
        type: 3}
      propertyPath: _imagery._layerProperty.sourceType
      value: 6
      objectReference: {fileID: 0}
    - target: {fileID: 114478715909612932, guid: e6b749c6d877f4c19a5a5c3c0783d53b,
        type: 3}
      propertyPath: _options.scalingOptions.scalingType
      value: 1
      objectReference: {fileID: 0}
    - target: {fileID: 114478715909612932, guid: e6b749c6d877f4c19a5a5c3c0783d53b,
        type: 3}
      propertyPath: _options.scalingOptions.unityTileSize
      value: 100
      objectReference: {fileID: 0}
    - target: {fileID: 114478715909612932, guid: e6b749c6d877f4c19a5a5c3c0783d53b,
        type: 3}
      propertyPath: _vectorData._layerProperty._sourceType
      value: 1
      objectReference: {fileID: 0}
    - target: {fileID: 114478715909612932, guid: e6b749c6d877f4c19a5a5c3c0783d53b,
        type: 3}
      propertyPath: _options.placementOptions.placementType
      value: 1
      objectReference: {fileID: 0}
    - target: {fileID: 114478715909612932, guid: e6b749c6d877f4c19a5a5c3c0783d53b,
        type: 3}
      propertyPath: _options.placementOptions.snapMapToZero
      value: 0
      objectReference: {fileID: 0}
    - target: {fileID: 114478715909612932, guid: e6b749c6d877f4c19a5a5c3c0783d53b,
        type: 3}
      propertyPath: _options.locationOptions.latitudeLongitude
      value: 43.718726, -79.688476
      objectReference: {fileID: 0}
    - target: {fileID: 114478715909612932, guid: e6b749c6d877f4c19a5a5c3c0783d53b,
        type: 3}
      propertyPath: _vectorData._layerProperty.sourceOptions.isActive
      value: 1
      objectReference: {fileID: 0}
    - target: {fileID: 114478715909612932, guid: e6b749c6d877f4c19a5a5c3c0783d53b,
        type: 3}
      propertyPath: _imagery._layerProperty.sourceOptions.layerSource.Id
      value: mapbox://styles/caminidev/cknyrbv0m2x0218nx6hzvymx4
      objectReference: {fileID: 0}
    - target: {fileID: 114478715909612932, guid: e6b749c6d877f4c19a5a5c3c0783d53b,
        type: 3}
      propertyPath: _vectorData._layerProperty.vectorSubLayers.Array.size
      value: 1
      objectReference: {fileID: 0}
    - target: {fileID: 114478715909612932, guid: e6b749c6d877f4c19a5a5c3c0783d53b,
        type: 3}
      propertyPath: _vectorData._layerProperty.sourceOptions.layerSource.Id
      value: mapbox.mapbox-streets-v7
      objectReference: {fileID: 0}
    - target: {fileID: 114478715909612932, guid: e6b749c6d877f4c19a5a5c3c0783d53b,
        type: 3}
      propertyPath: _vectorData._layerProperty.locationPrefabList.Array.size
      value: 0
      objectReference: {fileID: 0}
    - target: {fileID: 114478715909612932, guid: e6b749c6d877f4c19a5a5c3c0783d53b,
        type: 3}
      propertyPath: _vectorData._layerProperty.locationPrefabList.Array.data[0].density
      value: 15
      objectReference: {fileID: 0}
    - target: {fileID: 114478715909612932, guid: e6b749c6d877f4c19a5a5c3c0783d53b,
        type: 3}
      propertyPath: _vectorData._layerProperty.tileJsonData.LayerDisplayNames.Array.size
      value: 22
      objectReference: {fileID: 0}
    - target: {fileID: 114478715909612932, guid: e6b749c6d877f4c19a5a5c3c0783d53b,
        type: 3}
      propertyPath: _vectorData._layerProperty.locationPrefabList.Array.data[0].categories
      value: -1
      objectReference: {fileID: 0}
    - target: {fileID: 114478715909612932, guid: e6b749c6d877f4c19a5a5c3c0783d53b,
        type: 3}
      propertyPath: _vectorData._layerProperty.tileJsonData.LayerDisplayNames.Array.data[0]
      value: admin
      objectReference: {fileID: 0}
    - target: {fileID: 114478715909612932, guid: e6b749c6d877f4c19a5a5c3c0783d53b,
        type: 3}
      propertyPath: _vectorData._layerProperty.tileJsonData.LayerDisplayNames.Array.data[1]
      value: aeroway
      objectReference: {fileID: 0}
    - target: {fileID: 114478715909612932, guid: e6b749c6d877f4c19a5a5c3c0783d53b,
        type: 3}
      propertyPath: _vectorData._layerProperty.tileJsonData.LayerDisplayNames.Array.data[2]
      value: airport_label
      objectReference: {fileID: 0}
    - target: {fileID: 114478715909612932, guid: e6b749c6d877f4c19a5a5c3c0783d53b,
        type: 3}
      propertyPath: _vectorData._layerProperty.tileJsonData.LayerDisplayNames.Array.data[3]
      value: barrier_line
      objectReference: {fileID: 0}
    - target: {fileID: 114478715909612932, guid: e6b749c6d877f4c19a5a5c3c0783d53b,
        type: 3}
      propertyPath: _vectorData._layerProperty.tileJsonData.LayerDisplayNames.Array.data[4]
      value: building
      objectReference: {fileID: 0}
    - target: {fileID: 114478715909612932, guid: e6b749c6d877f4c19a5a5c3c0783d53b,
        type: 3}
      propertyPath: _vectorData._layerProperty.tileJsonData.LayerDisplayNames.Array.data[5]
      value: country_label
      objectReference: {fileID: 0}
    - target: {fileID: 114478715909612932, guid: e6b749c6d877f4c19a5a5c3c0783d53b,
        type: 3}
      propertyPath: _vectorData._layerProperty.tileJsonData.LayerDisplayNames.Array.data[6]
      value: housenum_label
      objectReference: {fileID: 0}
    - target: {fileID: 114478715909612932, guid: e6b749c6d877f4c19a5a5c3c0783d53b,
        type: 3}
      propertyPath: _vectorData._layerProperty.tileJsonData.LayerDisplayNames.Array.data[7]
      value: landuse
      objectReference: {fileID: 0}
    - target: {fileID: 114478715909612932, guid: e6b749c6d877f4c19a5a5c3c0783d53b,
        type: 3}
      propertyPath: _vectorData._layerProperty.tileJsonData.LayerDisplayNames.Array.data[8]
      value: landuse_overlay
      objectReference: {fileID: 0}
    - target: {fileID: 114478715909612932, guid: e6b749c6d877f4c19a5a5c3c0783d53b,
        type: 3}
      propertyPath: _vectorData._layerProperty.tileJsonData.LayerDisplayNames.Array.data[9]
      value: marine_label
      objectReference: {fileID: 0}
    - target: {fileID: 114478715909612932, guid: e6b749c6d877f4c19a5a5c3c0783d53b,
        type: 3}
      propertyPath: _vectorData._layerProperty.tileJsonData.LayerDisplayNames.Array.data[10]
      value: motorway_junction
      objectReference: {fileID: 0}
    - target: {fileID: 114478715909612932, guid: e6b749c6d877f4c19a5a5c3c0783d53b,
        type: 3}
      propertyPath: _vectorData._layerProperty.tileJsonData.LayerDisplayNames.Array.data[11]
      value: mountain_peak_label
      objectReference: {fileID: 0}
    - target: {fileID: 114478715909612932, guid: e6b749c6d877f4c19a5a5c3c0783d53b,
        type: 3}
      propertyPath: _vectorData._layerProperty.tileJsonData.LayerDisplayNames.Array.data[12]
      value: place_label
      objectReference: {fileID: 0}
    - target: {fileID: 114478715909612932, guid: e6b749c6d877f4c19a5a5c3c0783d53b,
        type: 3}
      propertyPath: _vectorData._layerProperty.tileJsonData.LayerDisplayNames.Array.data[13]
      value: poi_label
      objectReference: {fileID: 0}
    - target: {fileID: 114478715909612932, guid: e6b749c6d877f4c19a5a5c3c0783d53b,
        type: 3}
      propertyPath: _vectorData._layerProperty.tileJsonData.LayerDisplayNames.Array.data[14]
      value: rail_station_label
      objectReference: {fileID: 0}
    - target: {fileID: 114478715909612932, guid: e6b749c6d877f4c19a5a5c3c0783d53b,
        type: 3}
      propertyPath: _vectorData._layerProperty.tileJsonData.LayerDisplayNames.Array.data[15]
      value: road
      objectReference: {fileID: 0}
    - target: {fileID: 114478715909612932, guid: e6b749c6d877f4c19a5a5c3c0783d53b,
        type: 3}
      propertyPath: _vectorData._layerProperty.tileJsonData.LayerDisplayNames.Array.data[16]
      value: road_label
      objectReference: {fileID: 0}
    - target: {fileID: 114478715909612932, guid: e6b749c6d877f4c19a5a5c3c0783d53b,
        type: 3}
      propertyPath: _vectorData._layerProperty.tileJsonData.LayerDisplayNames.Array.data[17]
      value: state_label
      objectReference: {fileID: 0}
    - target: {fileID: 114478715909612932, guid: e6b749c6d877f4c19a5a5c3c0783d53b,
        type: 3}
      propertyPath: _vectorData._layerProperty.tileJsonData.LayerDisplayNames.Array.data[18]
      value: water
      objectReference: {fileID: 0}
    - target: {fileID: 114478715909612932, guid: e6b749c6d877f4c19a5a5c3c0783d53b,
        type: 3}
      propertyPath: _vectorData._layerProperty.tileJsonData.LayerDisplayNames.Array.data[19]
      value: water_label
      objectReference: {fileID: 0}
    - target: {fileID: 114478715909612932, guid: e6b749c6d877f4c19a5a5c3c0783d53b,
        type: 3}
      propertyPath: _vectorData._layerProperty.tileJsonData.LayerDisplayNames.Array.data[20]
      value: waterway
      objectReference: {fileID: 0}
    - target: {fileID: 114478715909612932, guid: e6b749c6d877f4c19a5a5c3c0783d53b,
        type: 3}
      propertyPath: _vectorData._layerProperty.tileJsonData.LayerDisplayNames.Array.data[21]
      value: waterway_label
      objectReference: {fileID: 0}
    - target: {fileID: 114478715909612932, guid: e6b749c6d877f4c19a5a5c3c0783d53b,
        type: 3}
      propertyPath: _vectorData._layerProperty.locationPrefabList.Array.data[0].presetFeatureType
      value: 3
      objectReference: {fileID: 0}
    - target: {fileID: 114478715909612932, guid: e6b749c6d877f4c19a5a5c3c0783d53b,
        type: 3}
      propertyPath: _vectorData._layerProperty.vectorSubLayers.Array.data[0].coreOptions.isActive
      value: 1
      objectReference: {fileID: 0}
    - target: {fileID: 114478715909612932, guid: e6b749c6d877f4c19a5a5c3c0783d53b,
        type: 3}
      propertyPath: _vectorData._layerProperty.vectorSubLayers.Array.data[0].coreOptions.layerName
      value: building
      objectReference: {fileID: 0}
    - target: {fileID: 114478715909612932, guid: e6b749c6d877f4c19a5a5c3c0783d53b,
        type: 3}
      propertyPath: _vectorData._layerProperty.vectorSubLayers.Array.data[0].materialOptions.style
      value: 7
      objectReference: {fileID: 0}
    - target: {fileID: 114478715909612932, guid: e6b749c6d877f4c19a5a5c3c0783d53b,
        type: 3}
      propertyPath: _options.extentOptions.defaultExtents.rangeAroundTransformOptions.visibleBuffer
      value: 2
      objectReference: {fileID: 0}
    - target: {fileID: 114478715909612932, guid: e6b749c6d877f4c19a5a5c3c0783d53b,
        type: 3}
      propertyPath: _vectorData._layerProperty.vectorSubLayers.Array.data[0].buildingsWithUniqueIds
      value: 1
      objectReference: {fileID: 0}
    - target: {fileID: 114478715909612932, guid: e6b749c6d877f4c19a5a5c3c0783d53b,
        type: 3}
      propertyPath: _vectorData._layerProperty.vectorSubLayers.Array.data[0].honorBuildingIdSetting
      value: 0
      objectReference: {fileID: 0}
    - target: {fileID: 114478715909612932, guid: e6b749c6d877f4c19a5a5c3c0783d53b,
        type: 3}
      propertyPath: _vectorData._layerProperty.locationPrefabList.Array.data[0].coreOptions.isActive
      value: 1
      objectReference: {fileID: 0}
    - target: {fileID: 114478715909612932, guid: e6b749c6d877f4c19a5a5c3c0783d53b,
        type: 3}
      propertyPath: _options.extentOptions.defaultExtents.rangeAroundTransformOptions.targetTransform
      value: 
      objectReference: {fileID: 582153185}
    - target: {fileID: 114478715909612932, guid: e6b749c6d877f4c19a5a5c3c0783d53b,
        type: 3}
      propertyPath: _vectorData._layerProperty.vectorSubLayers.Array.data[0].coreOptions.geometryType
      value: 2
      objectReference: {fileID: 0}
    - target: {fileID: 114478715909612932, guid: e6b749c6d877f4c19a5a5c3c0783d53b,
        type: 3}
      propertyPath: _vectorData._layerProperty.vectorSubLayers.Array.data[0].coreOptions.sublayerName
      value: Buildings
      objectReference: {fileID: 0}
    - target: {fileID: 114478715909612932, guid: e6b749c6d877f4c19a5a5c3c0783d53b,
        type: 3}
      propertyPath: _vectorData._layerProperty.vectorSubLayers.Array.data[0].coreOptions.snapToTerrain
      value: 1
      objectReference: {fileID: 0}
    - target: {fileID: 114478715909612932, guid: e6b749c6d877f4c19a5a5c3c0783d53b,
        type: 3}
      propertyPath: _vectorData._layerProperty.vectorSubLayers.Array.data[0].lineGeometryOptions.Width
      value: 1
      objectReference: {fileID: 0}
    - target: {fileID: 114478715909612932, guid: e6b749c6d877f4c19a5a5c3c0783d53b,
        type: 3}
      propertyPath: _vectorData._layerProperty.vectorSubLayers.Array.data[0].materialOptions.atlasInfo
      value: 
      objectReference: {fileID: 11400000, guid: 05066a15aa3b24c6493cc83636625fe3,
        type: 2}
    - target: {fileID: 114478715909612932, guid: e6b749c6d877f4c19a5a5c3c0783d53b,
        type: 3}
      propertyPath: _vectorData._layerProperty.vectorSubLayers.Array.data[0].filterOptions.combinerType
      value: 1
      objectReference: {fileID: 0}
    - target: {fileID: 114478715909612932, guid: e6b749c6d877f4c19a5a5c3c0783d53b,
        type: 3}
      propertyPath: _vectorData._layerProperty.locationPrefabList.Array.data[0].coreOptions.sublayerName
      value: New Location
      objectReference: {fileID: 0}
    - target: {fileID: 114478715909612932, guid: e6b749c6d877f4c19a5a5c3c0783d53b,
        type: 3}
      propertyPath: _vectorData._layerProperty.vectorSubLayers.Array.data[0].lineGeometryOptions.CapType
      value: 1
      objectReference: {fileID: 0}
    - target: {fileID: 114478715909612932, guid: e6b749c6d877f4c19a5a5c3c0783d53b,
        type: 3}
      propertyPath: _vectorData._layerProperty.locationPrefabList.Array.data[0].coreOptions.snapToTerrain
      value: 1
      objectReference: {fileID: 0}
    - target: {fileID: 114478715909612932, guid: e6b749c6d877f4c19a5a5c3c0783d53b,
        type: 3}
      propertyPath: _vectorData._layerProperty.vectorSubLayers.Array.data[0].lineGeometryOptions.JoinType
      value: 1
      objectReference: {fileID: 0}
    - target: {fileID: 114478715909612932, guid: e6b749c6d877f4c19a5a5c3c0783d53b,
        type: 3}
      propertyPath: _vectorData._layerProperty.vectorSubLayers.Array.data[0].extrusionOptions.propertyName
      value: height
      objectReference: {fileID: 0}
    - target: {fileID: 114478715909612932, guid: e6b749c6d877f4c19a5a5c3c0783d53b,
        type: 3}
      propertyPath: _vectorData._layerProperty.vectorSubLayers.Array.data[0].materialOptions.texturingType
      value: 2
      objectReference: {fileID: 0}
    - target: {fileID: 114478715909612932, guid: e6b749c6d877f4c19a5a5c3c0783d53b,
        type: 3}
      propertyPath: _vectorData._layerProperty.vectorSubLayers.Array.data[0].extrusionOptions.extrusionType
      value: 5
      objectReference: {fileID: 0}
    - target: {fileID: 114478715909612932, guid: e6b749c6d877f4c19a5a5c3c0783d53b,
        type: 3}
      propertyPath: _vectorData._layerProperty.vectorSubLayers.Array.data[0].extrusionOptions.maximumHeight
      value: 2
      objectReference: {fileID: 0}
    - target: {fileID: 114478715909612932, guid: e6b749c6d877f4c19a5a5c3c0783d53b,
        type: 3}
      propertyPath: _vectorData._layerProperty.vectorSubLayers.Array.data[0].lineGeometryOptions.MiterLimit
      value: 0.2
      objectReference: {fileID: 0}
    - target: {fileID: 114478715909612932, guid: e6b749c6d877f4c19a5a5c3c0783d53b,
        type: 3}
      propertyPath: _vectorData._layerProperty.vectorSubLayers.Array.data[0].lineGeometryOptions.RoundLimit
      value: 1.05
      objectReference: {fileID: 0}
    - target: {fileID: 114478715909612932, guid: e6b749c6d877f4c19a5a5c3c0783d53b,
        type: 3}
      propertyPath: _vectorData._layerProperty.vectorSubLayers.Array.data[0].filterOptions._selectedLayerName
      value: building
      objectReference: {fileID: 0}
    - target: {fileID: 114478715909612932, guid: e6b749c6d877f4c19a5a5c3c0783d53b,
        type: 3}
      propertyPath: _vectorData._layerProperty.vectorSubLayers.Array.data[0].filterOptions.filters.Array.size
      value: 1
      objectReference: {fileID: 0}
    - target: {fileID: 114478715909612932, guid: e6b749c6d877f4c19a5a5c3c0783d53b,
        type: 3}
      propertyPath: _vectorData._layerProperty.vectorSubLayers.Array.data[0].materialOptions.darkStyleOpacity
      value: 1
      objectReference: {fileID: 0}
    - target: {fileID: 114478715909612932, guid: e6b749c6d877f4c19a5a5c3c0783d53b,
        type: 3}
      propertyPath: _vectorData._layerProperty.vectorSubLayers.Array.data[0].materialOptions.colorStyleColor.a
      value: 0.78431374
      objectReference: {fileID: 0}
    - target: {fileID: 114478715909612932, guid: e6b749c6d877f4c19a5a5c3c0783d53b,
        type: 3}
      propertyPath: _vectorData._layerProperty.vectorSubLayers.Array.data[0].materialOptions.colorStyleColor.b
      value: 0.9716981
      objectReference: {fileID: 0}
    - target: {fileID: 114478715909612932, guid: e6b749c6d877f4c19a5a5c3c0783d53b,
        type: 3}
      propertyPath: _vectorData._layerProperty.vectorSubLayers.Array.data[0].materialOptions.colorStyleColor.g
      value: 0.65706927
      objectReference: {fileID: 0}
    - target: {fileID: 114478715909612932, guid: e6b749c6d877f4c19a5a5c3c0783d53b,
        type: 3}
      propertyPath: _vectorData._layerProperty.vectorSubLayers.Array.data[0].materialOptions.colorStyleColor.r
      value: 0.35292807
      objectReference: {fileID: 0}
    - target: {fileID: 114478715909612932, guid: e6b749c6d877f4c19a5a5c3c0783d53b,
        type: 3}
      propertyPath: _vectorData._layerProperty.vectorSubLayers.Array.data[0].materialOptions.lightStyleOpacity
      value: 1
      objectReference: {fileID: 0}
    - target: {fileID: 114478715909612932, guid: e6b749c6d877f4c19a5a5c3c0783d53b,
        type: 3}
      propertyPath: _vectorData._layerProperty.vectorSubLayers.Array.data[0].extrusionOptions._selectedLayerName
      value: building
      objectReference: {fileID: 0}
    - target: {fileID: 114478715909612932, guid: e6b749c6d877f4c19a5a5c3c0783d53b,
        type: 3}
      propertyPath: _vectorData._layerProperty.vectorSubLayers.Array.data[0].extrusionOptions.propertyDescription
      value: Number. Height of building or part of building.
      objectReference: {fileID: 0}
    - target: {fileID: 114478715909612932, guid: e6b749c6d877f4c19a5a5c3c0783d53b,
        type: 3}
      propertyPath: _vectorData._layerProperty.vectorSubLayers.Array.data[0].materialOptions.materials.Array.size
      value: 2
      objectReference: {fileID: 0}
    - target: {fileID: 114478715909612932, guid: e6b749c6d877f4c19a5a5c3c0783d53b,
        type: 3}
      propertyPath: _vectorData._layerProperty.vectorSubLayers.Array.data[0].extrusionOptions.extrusionScaleFactor
      value: 2
      objectReference: {fileID: 0}
    - target: {fileID: 114478715909612932, guid: e6b749c6d877f4c19a5a5c3c0783d53b,
        type: 3}
      propertyPath: _vectorData._layerProperty.vectorSubLayers.Array.data[0].filterOptions.filters.Array.data[0].Key
      value: type
      objectReference: {fileID: 0}
    - target: {fileID: 114478715909612932, guid: e6b749c6d877f4c19a5a5c3c0783d53b,
        type: 3}
      propertyPath: _vectorData._layerProperty.vectorSubLayers.Array.data[0].filterOptions.filters.Array.data[1].Key
      value: type
      objectReference: {fileID: 0}
    - target: {fileID: 114478715909612932, guid: e6b749c6d877f4c19a5a5c3c0783d53b,
        type: 3}
      propertyPath: _vectorData._layerProperty.vectorSubLayers.Array.data[0].filterOptions.filters.Array.data[2].Key
      value: type
      objectReference: {fileID: 0}
    - target: {fileID: 114478715909612932, guid: e6b749c6d877f4c19a5a5c3c0783d53b,
        type: 3}
      propertyPath: _vectorData._layerProperty.vectorSubLayers.Array.data[0].filterOptions.filters.Array.data[3].Key
      value: type
      objectReference: {fileID: 0}
    - target: {fileID: 114478715909612932, guid: e6b749c6d877f4c19a5a5c3c0783d53b,
        type: 3}
      propertyPath: _vectorData._layerProperty.vectorSubLayers.Array.data[0].materialOptions.customStyleOptions.atlasInfo
      value: 
      objectReference: {fileID: 11400000, guid: 414754d7155df47beb52ca117a774f21,
        type: 2}
    - target: {fileID: 114478715909612932, guid: e6b749c6d877f4c19a5a5c3c0783d53b,
        type: 3}
      propertyPath: _vectorData._layerProperty.vectorSubLayers.Array.data[0].materialOptions.customStyleOptions.colorPalette
      value: 
      objectReference: {fileID: 11400000, guid: 57bdfa37edf7a4f7f999d19443497554,
        type: 2}
    - target: {fileID: 114478715909612932, guid: e6b749c6d877f4c19a5a5c3c0783d53b,
        type: 3}
      propertyPath: _vectorData._layerProperty.vectorSubLayers.Array.data[0].filterOptions.filters.Array.data[0].PropertyValue
      value: school
      objectReference: {fileID: 0}
    - target: {fileID: 114478715909612932, guid: e6b749c6d877f4c19a5a5c3c0783d53b,
        type: 3}
      propertyPath: _vectorData._layerProperty.vectorSubLayers.Array.data[0].filterOptions.filters.Array.data[1].PropertyValue
      value: school
      objectReference: {fileID: 0}
    - target: {fileID: 114478715909612932, guid: e6b749c6d877f4c19a5a5c3c0783d53b,
        type: 3}
      propertyPath: _vectorData._layerProperty.vectorSubLayers.Array.data[0].filterOptions.filters.Array.data[2].PropertyValue
      value: school
      objectReference: {fileID: 0}
    - target: {fileID: 114478715909612932, guid: e6b749c6d877f4c19a5a5c3c0783d53b,
        type: 3}
      propertyPath: _vectorData._layerProperty.vectorSubLayers.Array.data[0].filterOptions.filters.Array.data[3].PropertyValue
      value: hospital
      objectReference: {fileID: 0}
    - target: {fileID: 114478715909612932, guid: e6b749c6d877f4c19a5a5c3c0783d53b,
        type: 3}
      propertyPath: _vectorData._layerProperty.vectorSubLayers.Array.data[0].filterOptions.filters.Array.data[0].KeyDescription
      value: In most cases, values will be that of the primary key from OpenStreetMap
        tags.
      objectReference: {fileID: 0}
    - target: {fileID: 114478715909612932, guid: e6b749c6d877f4c19a5a5c3c0783d53b,
        type: 3}
      propertyPath: _vectorData._layerProperty.vectorSubLayers.Array.data[0].filterOptions.filters.Array.data[1].KeyDescription
      value: In most cases, values will be that of the primary key from OpenStreetMap
        tags.
      objectReference: {fileID: 0}
    - target: {fileID: 114478715909612932, guid: e6b749c6d877f4c19a5a5c3c0783d53b,
        type: 3}
      propertyPath: _vectorData._layerProperty.vectorSubLayers.Array.data[0].filterOptions.filters.Array.data[2].KeyDescription
      value: In most cases, values will be that of the primary key from OpenStreetMap
        tags.
      objectReference: {fileID: 0}
    - target: {fileID: 114478715909612932, guid: e6b749c6d877f4c19a5a5c3c0783d53b,
        type: 3}
      propertyPath: _vectorData._layerProperty.vectorSubLayers.Array.data[0].filterOptions.filters.Array.data[3].KeyDescription
      value: In most cases, values will be that of the primary key from OpenStreetMap
        tags.
      objectReference: {fileID: 0}
    - target: {fileID: 114478715909612932, guid: e6b749c6d877f4c19a5a5c3c0783d53b,
        type: 3}
      propertyPath: _vectorData._layerProperty.vectorSubLayers.Array.data[0].materialOptions.customStyleOptions.materials.Array.size
      value: 2
      objectReference: {fileID: 0}
    - target: {fileID: 114478715909612932, guid: e6b749c6d877f4c19a5a5c3c0783d53b,
        type: 3}
      propertyPath: _vectorData._layerProperty.vectorSubLayers.Array.data[0].materialOptions.materials.Array.data[0].Materials.Array.size
      value: 1
      objectReference: {fileID: 0}
    - target: {fileID: 114478715909612932, guid: e6b749c6d877f4c19a5a5c3c0783d53b,
        type: 3}
      propertyPath: _vectorData._layerProperty.vectorSubLayers.Array.data[0].materialOptions.materials.Array.data[1].Materials.Array.size
      value: 1
      objectReference: {fileID: 0}
    - target: {fileID: 114478715909612932, guid: e6b749c6d877f4c19a5a5c3c0783d53b,
        type: 3}
      propertyPath: _vectorData._layerProperty.vectorSubLayers.Array.data[0].materialOptions.materials.Array.data[0].Materials.Array.data[0]
      value: 
      objectReference: {fileID: 2024889753}
    - target: {fileID: 114478715909612932, guid: e6b749c6d877f4c19a5a5c3c0783d53b,
        type: 3}
      propertyPath: _vectorData._layerProperty.vectorSubLayers.Array.data[0].materialOptions.materials.Array.data[1].Materials.Array.data[0]
      value: 
      objectReference: {fileID: 135433882}
    - target: {fileID: 114478715909612932, guid: e6b749c6d877f4c19a5a5c3c0783d53b,
        type: 3}
      propertyPath: _vectorData._layerProperty.vectorSubLayers.Array.data[0].materialOptions.customStyleOptions.materials.Array.data[0].Materials.Array.size
      value: 1
      objectReference: {fileID: 0}
    - target: {fileID: 114478715909612932, guid: e6b749c6d877f4c19a5a5c3c0783d53b,
        type: 3}
      propertyPath: _vectorData._layerProperty.vectorSubLayers.Array.data[0].materialOptions.customStyleOptions.materials.Array.data[1].Materials.Array.size
      value: 1
      objectReference: {fileID: 0}
    - target: {fileID: 114478715909612932, guid: e6b749c6d877f4c19a5a5c3c0783d53b,
        type: 3}
      propertyPath: _vectorData._layerProperty.vectorSubLayers.Array.data[0].materialOptions.customStyleOptions.materials.Array.data[0].Materials.Array.data[0]
      value: 
      objectReference: {fileID: 1933347987}
    - target: {fileID: 114478715909612932, guid: e6b749c6d877f4c19a5a5c3c0783d53b,
        type: 3}
      propertyPath: _vectorData._layerProperty.vectorSubLayers.Array.data[0].materialOptions.customStyleOptions.materials.Array.data[1].Materials.Array.data[0]
      value: 
      objectReference: {fileID: 1871228425}
    m_RemovedComponents: []
  m_SourcePrefab: {fileID: 100100000, guid: e6b749c6d877f4c19a5a5c3c0783d53b, type: 3}
--- !u!114 &945446020 stripped
MonoBehaviour:
  m_CorrespondingSourceObject: {fileID: 114478715909612932, guid: e6b749c6d877f4c19a5a5c3c0783d53b,
    type: 3}
  m_PrefabInstance: {fileID: 945446019}
  m_PrefabAsset: {fileID: 0}
  m_GameObject: {fileID: 0}
  m_Enabled: 1
  m_EditorHideFlags: 0
  m_Script: {fileID: 11500000, guid: cd961b1c9541a4cee99686069ecce852, type: 3}
  m_Name: 
  m_EditorClassIdentifier: 
--- !u!224 &1034215734 stripped
RectTransform:
  m_CorrespondingSourceObject: {fileID: 3639820700295566890, guid: 179a26eba183b1342a9703bf06e7d870,
    type: 3}
  m_PrefabInstance: {fileID: 230549118}
  m_PrefabAsset: {fileID: 0}
--- !u!1 &1087469116 stripped
GameObject:
  m_CorrespondingSourceObject: {fileID: 3709110380251379417, guid: ef63b56ffb8aee146a4659f37c010435,
    type: 3}
  m_PrefabInstance: {fileID: 464965148}
  m_PrefabAsset: {fileID: 0}
--- !u!114 &1087469117
MonoBehaviour:
  m_ObjectHideFlags: 0
  m_CorrespondingSourceObject: {fileID: 0}
  m_PrefabInstance: {fileID: 0}
  m_PrefabAsset: {fileID: 0}
  m_GameObject: {fileID: 1087469116}
  m_Enabled: 1
  m_EditorHideFlags: 0
  m_Script: {fileID: 11500000, guid: 9375af23281582a459271bb33a79ed07, type: 3}
  m_Name: 
  m_EditorClassIdentifier: 
  _inventarioCriaturas: []
--- !u!1 &1099486293
GameObject:
  m_ObjectHideFlags: 0
  m_CorrespondingSourceObject: {fileID: 0}
  m_PrefabInstance: {fileID: 0}
  m_PrefabAsset: {fileID: 0}
  serializedVersion: 6
  m_Component:
  - component: {fileID: 1099486295}
  - component: {fileID: 1099486294}
  m_Layer: 0
  m_Name: Managers
  m_TagString: Untagged
  m_Icon: {fileID: 0}
  m_NavMeshLayer: 0
  m_StaticEditorFlags: 0
  m_IsActive: 1
--- !u!114 &1099486294
MonoBehaviour:
  m_ObjectHideFlags: 0
  m_CorrespondingSourceObject: {fileID: 0}
  m_PrefabInstance: {fileID: 0}
  m_PrefabAsset: {fileID: 0}
  m_GameObject: {fileID: 1099486293}
  m_Enabled: 1
  m_EditorHideFlags: 0
  m_Script: {fileID: 11500000, guid: 9b250980a55533f4282c5b06ceab9af1, type: 3}
  m_Name: 
  m_EditorClassIdentifier: 
  _criaturas:
  - {fileID: 6405790005802585110, guid: 56d58911445c2a24b8e4e0359d2cbf92, type: 3}
  - {fileID: 748371275698106802, guid: d7c9c067dc80b61468bf696485eff1c7, type: 3}
  _criaturasActivas: []
  _player: {fileID: 0}
  _maxRadious: 10
  _maxCriaturas: 5
--- !u!4 &1099486295
Transform:
  m_ObjectHideFlags: 0
  m_CorrespondingSourceObject: {fileID: 0}
  m_PrefabInstance: {fileID: 0}
  m_PrefabAsset: {fileID: 0}
  m_GameObject: {fileID: 1099486293}
  m_LocalRotation: {x: 0, y: 0, z: 0, w: 1}
  m_LocalPosition: {x: 0, y: 0, z: 0}
  m_LocalScale: {x: 1, y: 1, z: 1}
  m_Children:
  - {fileID: 1199027659}
  m_Father: {fileID: 0}
  m_RootOrder: 4
  m_LocalEulerAnglesHint: {x: 0, y: 0, z: 0}
--- !u!1 &1160663032
GameObject:
  m_ObjectHideFlags: 0
  m_CorrespondingSourceObject: {fileID: 0}
  m_PrefabInstance: {fileID: 0}
  m_PrefabAsset: {fileID: 0}
  serializedVersion: 6
  m_Component:
  - component: {fileID: 1160663034}
  - component: {fileID: 1160663033}
  m_Layer: 0
  m_Name: SceneManager
  m_TagString: Untagged
  m_Icon: {fileID: 0}
  m_NavMeshLayer: 0
  m_StaticEditorFlags: 0
  m_IsActive: 1
--- !u!114 &1160663033
MonoBehaviour:
  m_ObjectHideFlags: 0
  m_CorrespondingSourceObject: {fileID: 0}
  m_PrefabInstance: {fileID: 0}
  m_PrefabAsset: {fileID: 0}
  m_GameObject: {fileID: 1160663032}
  m_Enabled: 1
  m_EditorHideFlags: 0
  m_Script: {fileID: 11500000, guid: 07670681b513a9f4c915dd3708e53b96, type: 3}
  m_Name: 
  m_EditorClassIdentifier: 
  _criaturaParaEscena: {fileID: 0}
  _prototypingScene: Protipado
  _capturaScene: Captura
  _posicionEnCaptura: {x: 0, y: -2.7, z: 13}
--- !u!4 &1160663034
Transform:
  m_ObjectHideFlags: 0
  m_CorrespondingSourceObject: {fileID: 0}
  m_PrefabInstance: {fileID: 0}
  m_PrefabAsset: {fileID: 0}
  m_GameObject: {fileID: 1160663032}
  m_LocalRotation: {x: 0, y: 0, z: 0, w: 1}
  m_LocalPosition: {x: 0, y: 0, z: 0}
  m_LocalScale: {x: 1, y: 1, z: 1}
  m_Children: []
  m_Father: {fileID: 0}
  m_RootOrder: 5
  m_LocalEulerAnglesHint: {x: 0, y: 0, z: 0}
--- !u!1001 &1184912625
PrefabInstance:
  m_ObjectHideFlags: 0
  serializedVersion: 2
  m_Modification:
    m_TransformParent: {fileID: 0}
    m_Modifications:
    - target: {fileID: 1940301126106602, guid: 03d17e9032b344a76b095c71601c070b, type: 3}
      propertyPath: m_Name
      value: LocationProvider
      objectReference: {fileID: 0}
    - target: {fileID: 4382657518604778, guid: 03d17e9032b344a76b095c71601c070b, type: 3}
      propertyPath: m_RootOrder
      value: 2
      objectReference: {fileID: 0}
    - target: {fileID: 4382657518604778, guid: 03d17e9032b344a76b095c71601c070b, type: 3}
      propertyPath: m_LocalPosition.x
      value: 0
      objectReference: {fileID: 0}
    - target: {fileID: 4382657518604778, guid: 03d17e9032b344a76b095c71601c070b, type: 3}
      propertyPath: m_LocalPosition.y
      value: 0
      objectReference: {fileID: 0}
    - target: {fileID: 4382657518604778, guid: 03d17e9032b344a76b095c71601c070b, type: 3}
      propertyPath: m_LocalPosition.z
      value: 0
      objectReference: {fileID: 0}
    - target: {fileID: 4382657518604778, guid: 03d17e9032b344a76b095c71601c070b, type: 3}
      propertyPath: m_LocalRotation.w
      value: 1
      objectReference: {fileID: 0}
    - target: {fileID: 4382657518604778, guid: 03d17e9032b344a76b095c71601c070b, type: 3}
      propertyPath: m_LocalRotation.x
      value: 0
      objectReference: {fileID: 0}
    - target: {fileID: 4382657518604778, guid: 03d17e9032b344a76b095c71601c070b, type: 3}
      propertyPath: m_LocalRotation.y
      value: 0
      objectReference: {fileID: 0}
    - target: {fileID: 4382657518604778, guid: 03d17e9032b344a76b095c71601c070b, type: 3}
      propertyPath: m_LocalRotation.z
      value: 0
      objectReference: {fileID: 0}
    - target: {fileID: 4382657518604778, guid: 03d17e9032b344a76b095c71601c070b, type: 3}
      propertyPath: m_LocalEulerAnglesHint.x
      value: 0
      objectReference: {fileID: 0}
    - target: {fileID: 4382657518604778, guid: 03d17e9032b344a76b095c71601c070b, type: 3}
      propertyPath: m_LocalEulerAnglesHint.y
      value: 0
      objectReference: {fileID: 0}
    - target: {fileID: 4382657518604778, guid: 03d17e9032b344a76b095c71601c070b, type: 3}
      propertyPath: m_LocalEulerAnglesHint.z
      value: 0
      objectReference: {fileID: 0}
    - target: {fileID: 114020397250323300, guid: 03d17e9032b344a76b095c71601c070b,
        type: 3}
      propertyPath: _latitudeLongitude
      value: 43.718726, -79.688476
      objectReference: {fileID: 0}
    - target: {fileID: 114263788886286928, guid: 03d17e9032b344a76b095c71601c070b,
        type: 3}
      propertyPath: _updateDistanceInMeters
      value: 1
      objectReference: {fileID: 0}
    - target: {fileID: 114263788886286928, guid: 03d17e9032b344a76b095c71601c070b,
        type: 3}
      propertyPath: _updateTimeInMilliSeconds
      value: 2000
      objectReference: {fileID: 0}
    - target: {fileID: 114674367269856550, guid: 03d17e9032b344a76b095c71601c070b,
        type: 3}
      propertyPath: mapManager
      value: 
      objectReference: {fileID: 945446020}
    - target: {fileID: 114879306053055372, guid: 03d17e9032b344a76b095c71601c070b,
        type: 3}
      propertyPath: _updateDistanceInMeters
      value: 0.5
      objectReference: {fileID: 0}
    - target: {fileID: 114879306053055372, guid: 03d17e9032b344a76b095c71601c070b,
        type: 3}
      propertyPath: _updateTimeInMilliSeconds
      value: 1000
      objectReference: {fileID: 0}
    m_RemovedComponents: []
  m_SourcePrefab: {fileID: 100100000, guid: 03d17e9032b344a76b095c71601c070b, type: 3}
--- !u!1 &1199027658
GameObject:
  m_ObjectHideFlags: 0
  m_CorrespondingSourceObject: {fileID: 0}
  m_PrefabInstance: {fileID: 0}
  m_PrefabAsset: {fileID: 0}
  serializedVersion: 6
  m_Component:
  - component: {fileID: 1199027659}
  m_Layer: 0
  m_Name: Criaturas
  m_TagString: Untagged
  m_Icon: {fileID: 0}
  m_NavMeshLayer: 0
  m_StaticEditorFlags: 0
  m_IsActive: 1
--- !u!4 &1199027659
Transform:
  m_ObjectHideFlags: 0
  m_CorrespondingSourceObject: {fileID: 0}
  m_PrefabInstance: {fileID: 0}
  m_PrefabAsset: {fileID: 0}
  m_GameObject: {fileID: 1199027658}
  m_LocalRotation: {x: 0, y: 0, z: 0, w: 1}
  m_LocalPosition: {x: 0, y: 0, z: 0}
  m_LocalScale: {x: 1, y: 1, z: 1}
  m_Children: []
  m_Father: {fileID: 1099486295}
  m_RootOrder: 0
  m_LocalEulerAnglesHint: {x: 0, y: 0, z: 0}
--- !u!224 &1518977222 stripped
RectTransform:
  m_CorrespondingSourceObject: {fileID: 3639820700295566890, guid: 179a26eba183b1342a9703bf06e7d870,
    type: 3}
  m_PrefabInstance: {fileID: 40580474}
  m_PrefabAsset: {fileID: 0}
--- !u!1 &1790259693
GameObject:
  m_ObjectHideFlags: 0
  m_CorrespondingSourceObject: {fileID: 0}
  m_PrefabInstance: {fileID: 0}
  m_PrefabAsset: {fileID: 0}
  serializedVersion: 6
  m_Component:
  - component: {fileID: 1790259694}
  - component: {fileID: 1790259697}
  - component: {fileID: 1790259696}
  - component: {fileID: 1790259695}
  m_Layer: 5
  m_Name: Close InventoryButton
  m_TagString: Untagged
  m_Icon: {fileID: 0}
  m_NavMeshLayer: 0
  m_StaticEditorFlags: 0
  m_IsActive: 0
--- !u!224 &1790259694
RectTransform:
  m_ObjectHideFlags: 0
  m_CorrespondingSourceObject: {fileID: 0}
  m_PrefabInstance: {fileID: 0}
  m_PrefabAsset: {fileID: 0}
  m_GameObject: {fileID: 1790259693}
  m_LocalRotation: {x: 0, y: 0, z: 0, w: 1}
  m_LocalPosition: {x: 0, y: 0, z: 0}
  m_LocalScale: {x: 1, y: 1, z: 1}
  m_Children:
  - {fileID: 372652335}
  m_Father: {fileID: 244182543}
  m_RootOrder: 2
  m_LocalEulerAnglesHint: {x: 0, y: 0, z: 0}
  m_AnchorMin: {x: 0.5, y: 0}
  m_AnchorMax: {x: 0.5, y: 0}
  m_AnchoredPosition: {x: 0, y: 0}
  m_SizeDelta: {x: 200, y: 200}
  m_Pivot: {x: 0.5, y: 0}
--- !u!114 &1790259695
MonoBehaviour:
  m_ObjectHideFlags: 0
  m_CorrespondingSourceObject: {fileID: 0}
  m_PrefabInstance: {fileID: 0}
  m_PrefabAsset: {fileID: 0}
  m_GameObject: {fileID: 1790259693}
  m_Enabled: 1
  m_EditorHideFlags: 0
  m_Script: {fileID: 11500000, guid: 4e29b1a8efbd4b44bb3f3716e73f07ff, type: 3}
  m_Name: 
  m_EditorClassIdentifier: 
  m_Navigation:
    m_Mode: 3
    m_SelectOnUp: {fileID: 0}
    m_SelectOnDown: {fileID: 0}
    m_SelectOnLeft: {fileID: 0}
    m_SelectOnRight: {fileID: 0}
  m_Transition: 1
  m_Colors:
    m_NormalColor: {r: 1, g: 1, b: 1, a: 1}
    m_HighlightedColor: {r: 0.9607843, g: 0.9607843, b: 0.9607843, a: 1}
    m_PressedColor: {r: 0.78431374, g: 0.78431374, b: 0.78431374, a: 1}
    m_SelectedColor: {r: 0.9607843, g: 0.9607843, b: 0.9607843, a: 1}
    m_DisabledColor: {r: 0.78431374, g: 0.78431374, b: 0.78431374, a: 0.5019608}
    m_ColorMultiplier: 1
    m_FadeDuration: 0.1
  m_SpriteState:
    m_HighlightedSprite: {fileID: 0}
    m_PressedSprite: {fileID: 0}
    m_SelectedSprite: {fileID: 0}
    m_DisabledSprite: {fileID: 0}
  m_AnimationTriggers:
    m_NormalTrigger: Normal
    m_HighlightedTrigger: Highlighted
    m_PressedTrigger: Pressed
    m_SelectedTrigger: Selected
    m_DisabledTrigger: Disabled
  m_Interactable: 1
  m_TargetGraphic: {fileID: 1790259696}
  m_OnClick:
    m_PersistentCalls:
      m_Calls: []
--- !u!114 &1790259696
MonoBehaviour:
  m_ObjectHideFlags: 0
  m_CorrespondingSourceObject: {fileID: 0}
  m_PrefabInstance: {fileID: 0}
  m_PrefabAsset: {fileID: 0}
  m_GameObject: {fileID: 1790259693}
  m_Enabled: 1
  m_EditorHideFlags: 0
  m_Script: {fileID: 11500000, guid: fe87c0e1cc204ed48ad3b37840f39efc, type: 3}
  m_Name: 
  m_EditorClassIdentifier: 
  m_Material: {fileID: 0}
  m_Color: {r: 1, g: 1, b: 1, a: 1}
  m_RaycastTarget: 1
  m_Maskable: 1
  m_OnCullStateChanged:
    m_PersistentCalls:
      m_Calls: []
  m_Sprite: {fileID: 21300000, guid: 82852ff66538d44ccb63c5afc39708a5, type: 3}
  m_Type: 0
  m_PreserveAspect: 0
  m_FillCenter: 1
  m_FillMethod: 4
  m_FillAmount: 1
  m_FillClockwise: 1
  m_FillOrigin: 0
  m_UseSpriteMesh: 0
  m_PixelsPerUnitMultiplier: 1
--- !u!222 &1790259697
CanvasRenderer:
  m_ObjectHideFlags: 0
  m_CorrespondingSourceObject: {fileID: 0}
  m_PrefabInstance: {fileID: 0}
  m_PrefabAsset: {fileID: 0}
  m_GameObject: {fileID: 1790259693}
  m_CullTransparentMesh: 0
--- !u!21 &1871228425
Material:
  serializedVersion: 6
  m_ObjectHideFlags: 0
  m_CorrespondingSourceObject: {fileID: 0}
  m_PrefabInstance: {fileID: 0}
  m_PrefabAsset: {fileID: 0}
  m_Name: DefaultSideMaterial
  m_Shader: {fileID: 46, guid: 0000000000000000f000000000000000, type: 0}
  m_ShaderKeywords: 
  m_LightmapFlags: 4
  m_EnableInstancingVariants: 0
  m_DoubleSidedGI: 0
  m_CustomRenderQueue: -1
  stringTagMap: {}
  disabledShaderPasses: []
  m_SavedProperties:
    serializedVersion: 3
    m_TexEnvs:
    - _BumpMap:
        m_Texture: {fileID: 0}
        m_Scale: {x: 1, y: 1}
        m_Offset: {x: 0, y: 0}
    - _DetailAlbedoMap:
        m_Texture: {fileID: 0}
        m_Scale: {x: 1, y: 1}
        m_Offset: {x: 0, y: 0}
    - _DetailMask:
        m_Texture: {fileID: 0}
        m_Scale: {x: 1, y: 1}
        m_Offset: {x: 0, y: 0}
    - _DetailNormalMap:
        m_Texture: {fileID: 0}
        m_Scale: {x: 1, y: 1}
        m_Offset: {x: 0, y: 0}
    - _EmissionMap:
        m_Texture: {fileID: 0}
        m_Scale: {x: 1, y: 1}
        m_Offset: {x: 0, y: 0}
    - _MainTex:
        m_Texture: {fileID: 2800000, guid: d22116fee9b9b486f847633108f0fc42, type: 3}
        m_Scale: {x: 1, y: 1}
        m_Offset: {x: 0, y: 0}
    - _MetallicGlossMap:
        m_Texture: {fileID: 0}
        m_Scale: {x: 1, y: 1}
        m_Offset: {x: 0, y: 0}
    - _OcclusionMap:
        m_Texture: {fileID: 0}
        m_Scale: {x: 1, y: 1}
        m_Offset: {x: 0, y: 0}
    - _ParallaxMap:
        m_Texture: {fileID: 0}
        m_Scale: {x: 1, y: 1}
        m_Offset: {x: 0, y: 0}
    m_Floats:
    - _BumpScale: 1
    - _Cutoff: 0.5
    - _DetailNormalMapScale: 1
    - _DstBlend: 0
    - _GlossMapScale: 1
    - _Glossiness: 0.5
    - _GlossyReflections: 1
    - _Metallic: 0
    - _Mode: 0
    - _OcclusionStrength: 1
    - _Parallax: 0.02
    - _SmoothnessTextureChannel: 0
    - _SpecularHighlights: 1
    - _SrcBlend: 1
    - _UVSec: 0
    - _ZWrite: 1
    m_Colors:
    - _Color: {r: 1, g: 1, b: 1, a: 1}
    - _EmissionColor: {r: 0, g: 0, b: 0, a: 1}
--- !u!21 &1933347987
Material:
  serializedVersion: 6
  m_ObjectHideFlags: 0
  m_CorrespondingSourceObject: {fileID: 0}
  m_PrefabInstance: {fileID: 0}
  m_PrefabAsset: {fileID: 0}
  m_Name: DefaultTopMaterial
  m_Shader: {fileID: 46, guid: 0000000000000000f000000000000000, type: 0}
  m_ShaderKeywords: 
  m_LightmapFlags: 4
  m_EnableInstancingVariants: 0
  m_DoubleSidedGI: 0
  m_CustomRenderQueue: -1
  stringTagMap: {}
  disabledShaderPasses: []
  m_SavedProperties:
    serializedVersion: 3
    m_TexEnvs:
    - _BumpMap:
        m_Texture: {fileID: 0}
        m_Scale: {x: 1, y: 1}
        m_Offset: {x: 0, y: 0}
    - _DetailAlbedoMap:
        m_Texture: {fileID: 0}
        m_Scale: {x: 1, y: 1}
        m_Offset: {x: 0, y: 0}
    - _DetailMask:
        m_Texture: {fileID: 0}
        m_Scale: {x: 1, y: 1}
        m_Offset: {x: 0, y: 0}
    - _DetailNormalMap:
        m_Texture: {fileID: 0}
        m_Scale: {x: 1, y: 1}
        m_Offset: {x: 0, y: 0}
    - _EmissionMap:
        m_Texture: {fileID: 0}
        m_Scale: {x: 1, y: 1}
        m_Offset: {x: 0, y: 0}
    - _MainTex:
        m_Texture: {fileID: 2800000, guid: cbadf2ff391df40bbb762a1009a9a243, type: 3}
        m_Scale: {x: 1, y: 1}
        m_Offset: {x: 0, y: 0}
    - _MetallicGlossMap:
        m_Texture: {fileID: 0}
        m_Scale: {x: 1, y: 1}
        m_Offset: {x: 0, y: 0}
    - _OcclusionMap:
        m_Texture: {fileID: 0}
        m_Scale: {x: 1, y: 1}
        m_Offset: {x: 0, y: 0}
    - _ParallaxMap:
        m_Texture: {fileID: 0}
        m_Scale: {x: 1, y: 1}
        m_Offset: {x: 0, y: 0}
    m_Floats:
    - _BumpScale: 1
    - _Cutoff: 0.5
    - _DetailNormalMapScale: 1
    - _DstBlend: 0
    - _GlossMapScale: 1
    - _Glossiness: 0.5
    - _GlossyReflections: 1
    - _Metallic: 0
    - _Mode: 0
    - _OcclusionStrength: 1
    - _Parallax: 0.02
    - _SmoothnessTextureChannel: 0
    - _SpecularHighlights: 1
    - _SrcBlend: 1
    - _UVSec: 0
    - _ZWrite: 1
    m_Colors:
    - _Color: {r: 1, g: 1, b: 1, a: 1}
    - _EmissionColor: {r: 0, g: 0, b: 0, a: 1}
--- !u!1 &2008610655
GameObject:
  m_ObjectHideFlags: 0
  m_CorrespondingSourceObject: {fileID: 0}
  m_PrefabInstance: {fileID: 0}
  m_PrefabAsset: {fileID: 0}
  serializedVersion: 6
  m_Component:
  - component: {fileID: 2008610657}
  - component: {fileID: 2008610656}
  m_Layer: 0
  m_Name: Directional Light
  m_TagString: Untagged
  m_Icon: {fileID: 0}
  m_NavMeshLayer: 0
  m_StaticEditorFlags: 0
  m_IsActive: 1
--- !u!108 &2008610656
Light:
  m_ObjectHideFlags: 0
  m_CorrespondingSourceObject: {fileID: 0}
  m_PrefabInstance: {fileID: 0}
  m_PrefabAsset: {fileID: 0}
  m_GameObject: {fileID: 2008610655}
  m_Enabled: 1
  serializedVersion: 10
  m_Type: 1
  m_Shape: 0
  m_Color: {r: 1, g: 0.95686275, b: 0.8392157, a: 1}
  m_Intensity: 1
  m_Range: 10
  m_SpotAngle: 30
  m_InnerSpotAngle: 21.80208
  m_CookieSize: 10
  m_Shadows:
    m_Type: 2
    m_Resolution: -1
    m_CustomResolution: -1
    m_Strength: 1
    m_Bias: 0.05
    m_NormalBias: 0.4
    m_NearPlane: 0.2
    m_CullingMatrixOverride:
      e00: 1
      e01: 0
      e02: 0
      e03: 0
      e10: 0
      e11: 1
      e12: 0
      e13: 0
      e20: 0
      e21: 0
      e22: 1
      e23: 0
      e30: 0
      e31: 0
      e32: 0
      e33: 1
    m_UseCullingMatrixOverride: 0
  m_Cookie: {fileID: 0}
  m_DrawHalo: 0
  m_Flare: {fileID: 0}
  m_RenderMode: 0
  m_CullingMask:
    serializedVersion: 2
    m_Bits: 4294967295
  m_RenderingLayerMask: 1
  m_Lightmapping: 4
  m_LightShadowCasterMode: 0
  m_AreaSize: {x: 1, y: 1}
  m_BounceIntensity: 1
  m_ColorTemperature: 6570
  m_UseColorTemperature: 0
  m_BoundingSphereOverride: {x: 0, y: 0, z: 0, w: 0}
  m_UseBoundingSphereOverride: 0
  m_ShadowRadius: 0
  m_ShadowAngle: 0
--- !u!4 &2008610657
Transform:
  m_ObjectHideFlags: 0
  m_CorrespondingSourceObject: {fileID: 0}
  m_PrefabInstance: {fileID: 0}
  m_PrefabAsset: {fileID: 0}
  m_GameObject: {fileID: 2008610655}
  m_LocalRotation: {x: 0.40821788, y: -0.23456968, z: 0.10938163, w: 0.8754261}
  m_LocalPosition: {x: 0, y: 3, z: 0}
  m_LocalScale: {x: 1, y: 1, z: 1}
  m_Children: []
  m_Father: {fileID: 0}
  m_RootOrder: 0
  m_LocalEulerAnglesHint: {x: 50, y: -30, z: 0}
--- !u!21 &2024889753
Material:
  serializedVersion: 6
  m_ObjectHideFlags: 0
  m_CorrespondingSourceObject: {fileID: 0}
  m_PrefabInstance: {fileID: 0}
  m_PrefabAsset: {fileID: 0}
  m_Name: ColorTopMaterial
  m_Shader: {fileID: 46, guid: 0000000000000000f000000000000000, type: 0}
  m_ShaderKeywords: _ALPHAPREMULTIPLY_ON
  m_LightmapFlags: 4
  m_EnableInstancingVariants: 0
  m_DoubleSidedGI: 0
  m_CustomRenderQueue: 3000
  stringTagMap:
    RenderType: Transparent
  disabledShaderPasses: []
  m_SavedProperties:
    serializedVersion: 3
    m_TexEnvs:
    - _BaseTex:
        m_Texture: {fileID: 2800000, guid: 89d3c1f500b7e4b8bba0ce9b760e9134, type: 3}
        m_Scale: {x: 1, y: 1}
        m_Offset: {x: 0, y: 0}
    - _BumpMap:
        m_Texture: {fileID: 0}
        m_Scale: {x: 1, y: 1}
        m_Offset: {x: 0, y: 0}
    - _DetailAlbedoMap:
        m_Texture: {fileID: 0}
        m_Scale: {x: 1, y: 1}
        m_Offset: {x: 0, y: 0}
    - _DetailMask:
        m_Texture: {fileID: 0}
        m_Scale: {x: 1, y: 1}
        m_Offset: {x: 0, y: 0}
    - _DetailNormalMap:
        m_Texture: {fileID: 0}
        m_Scale: {x: 1, y: 1}
        m_Offset: {x: 0, y: 0}
    - _DetailTex:
        m_Texture: {fileID: 2800000, guid: a88424a1da5f049169a689bf6ba4e638, type: 3}
        m_Scale: {x: 1, y: 1}
        m_Offset: {x: 0, y: 0}
    - _DetailTex1:
        m_Texture: {fileID: 2800000, guid: a7ad6933f58d64d56a4879cc266290b3, type: 3}
        m_Scale: {x: 1, y: 1}
        m_Offset: {x: 0, y: 0}
    - _DetailTex2:
        m_Texture: {fileID: 2800000, guid: abf274fea99064d7f9087e58ccaf6d27, type: 3}
        m_Scale: {x: 1, y: 1}
        m_Offset: {x: 0, y: 0}
    - _EmissionMap:
        m_Texture: {fileID: 0}
        m_Scale: {x: 1, y: 1}
        m_Offset: {x: 0, y: 0}
    - _MainTex:
        m_Texture: {fileID: 0}
        m_Scale: {x: 1, y: 1}
        m_Offset: {x: 0, y: 0}
    - _MetallicGlossMap:
        m_Texture: {fileID: 0}
        m_Scale: {x: 1, y: 1}
        m_Offset: {x: 0, y: 0}
    - _OcclusionMap:
        m_Texture: {fileID: 0}
        m_Scale: {x: 1, y: 1}
        m_Offset: {x: 0, y: 0}
    - _ParallaxMap:
        m_Texture: {fileID: 0}
        m_Scale: {x: 1, y: 1}
        m_Offset: {x: 0, y: 0}
    - _WindowTex:
        m_Texture: {fileID: 2800000, guid: a88424a1da5f049169a689bf6ba4e638, type: 3}
        m_Scale: {x: 1, y: 1}
        m_Offset: {x: 0, y: 0}
    m_Floats:
    - _BumpScale: 1
    - _Cutoff: 0.5
    - _DetailNormalMapScale: 1
    - _DstBlend: 10
    - _Emission: 0.1
    - _GlossMapScale: 1
    - _Glossiness: 0
    - _GlossyReflections: 1
    - _Metallic: 0
    - _Mode: 3
    - _OcclusionStrength: 1
    - _Parallax: 0.02
    - _SmoothnessTextureChannel: 0
    - _SpecularHighlights: 1
    - _SrcBlend: 1
    - _UVSec: 0
    - _ZWrite: 0
    m_Colors:
    - _BaseColor: {r: 1, g: 1, b: 1, a: 1}
    - _Color: {r: 0.35292807, g: 0.65706927, b: 0.9716981, a: 0.78431374}
    - _DetailColor: {r: 1, g: 0.99264705, b: 1, a: 1}
    - _DetailColor1: {r: 1, g: 1, b: 1, a: 1}
    - _DetailColor2: {r: 1, g: 1, b: 1, a: 1}
    - _EmissionColor: {r: 0, g: 0, b: 0, a: 0}
    - _WindowColor: {r: 0.23529412, g: 0.41911763, b: 1, a: 1}
--- !u!1 &2132329277
GameObject:
  m_ObjectHideFlags: 0
  m_CorrespondingSourceObject: {fileID: 0}
  m_PrefabInstance: {fileID: 0}
  m_PrefabAsset: {fileID: 0}
  serializedVersion: 6
  m_Component:
  - component: {fileID: 2132329280}
  - component: {fileID: 2132329279}
  - component: {fileID: 2132329278}
  m_Layer: 0
  m_Name: EventSystem
  m_TagString: Untagged
  m_Icon: {fileID: 0}
  m_NavMeshLayer: 0
  m_StaticEditorFlags: 0
  m_IsActive: 1
--- !u!114 &2132329278
MonoBehaviour:
  m_ObjectHideFlags: 0
  m_CorrespondingSourceObject: {fileID: 0}
  m_PrefabInstance: {fileID: 0}
  m_PrefabAsset: {fileID: 0}
  m_GameObject: {fileID: 2132329277}
  m_Enabled: 1
  m_EditorHideFlags: 0
  m_Script: {fileID: 11500000, guid: 4f231c4fb786f3946a6b90b886c48677, type: 3}
  m_Name: 
  m_EditorClassIdentifier: 
  m_HorizontalAxis: Horizontal
  m_VerticalAxis: Vertical
  m_SubmitButton: Submit
  m_CancelButton: Cancel
  m_InputActionsPerSecond: 10
  m_RepeatDelay: 0.5
  m_ForceModuleActive: 0
--- !u!114 &2132329279
MonoBehaviour:
  m_ObjectHideFlags: 0
  m_CorrespondingSourceObject: {fileID: 0}
  m_PrefabInstance: {fileID: 0}
  m_PrefabAsset: {fileID: 0}
  m_GameObject: {fileID: 2132329277}
  m_Enabled: 1
  m_EditorHideFlags: 0
  m_Script: {fileID: 11500000, guid: 76c392e42b5098c458856cdf6ecaaaa1, type: 3}
  m_Name: 
  m_EditorClassIdentifier: 
  m_FirstSelected: {fileID: 0}
  m_sendNavigationEvents: 1
  m_DragThreshold: 10
--- !u!4 &2132329280
Transform:
  m_ObjectHideFlags: 0
  m_CorrespondingSourceObject: {fileID: 0}
  m_PrefabInstance: {fileID: 0}
  m_PrefabAsset: {fileID: 0}
  m_GameObject: {fileID: 2132329277}
  m_LocalRotation: {x: 0, y: 0, z: 0, w: 1}
  m_LocalPosition: {x: 0, y: 0, z: 0}
  m_LocalScale: {x: 1, y: 1, z: 1}
  m_Children: []
  m_Father: {fileID: 0}
  m_RootOrder: 7
  m_LocalEulerAnglesHint: {x: 0, y: 0, z: 0}
--- !u!1 &2135381619
GameObject:
  m_ObjectHideFlags: 0
  m_CorrespondingSourceObject: {fileID: 0}
  m_PrefabInstance: {fileID: 0}
  m_PrefabAsset: {fileID: 0}
  serializedVersion: 6
  m_Component:
  - component: {fileID: 2135381620}
  - component: {fileID: 2135381623}
  - component: {fileID: 2135381622}
  - component: {fileID: 2135381621}
  m_Layer: 5
  m_Name: Button
  m_TagString: Untagged
  m_Icon: {fileID: 0}
  m_NavMeshLayer: 0
  m_StaticEditorFlags: 0
  m_IsActive: 1
--- !u!224 &2135381620
RectTransform:
  m_ObjectHideFlags: 0
  m_CorrespondingSourceObject: {fileID: 0}
  m_PrefabInstance: {fileID: 0}
  m_PrefabAsset: {fileID: 0}
  m_GameObject: {fileID: 2135381619}
  m_LocalRotation: {x: 0, y: 0, z: 0, w: 1}
  m_LocalPosition: {x: 0, y: 0, z: 0}
  m_LocalScale: {x: 1, y: 1, z: 1}
  m_Children:
  - {fileID: 881303847}
  m_Father: {fileID: 244182543}
  m_RootOrder: 0
  m_LocalEulerAnglesHint: {x: 0, y: 0, z: 0}
  m_AnchorMin: {x: 1, y: 0}
  m_AnchorMax: {x: 1, y: 0}
  m_AnchoredPosition: {x: -25, y: 25}
  m_SizeDelta: {x: 200, y: 200}
  m_Pivot: {x: 1, y: 0}
--- !u!114 &2135381621
MonoBehaviour:
  m_ObjectHideFlags: 0
  m_CorrespondingSourceObject: {fileID: 0}
  m_PrefabInstance: {fileID: 0}
  m_PrefabAsset: {fileID: 0}
  m_GameObject: {fileID: 2135381619}
  m_Enabled: 1
  m_EditorHideFlags: 0
  m_Script: {fileID: 11500000, guid: 4e29b1a8efbd4b44bb3f3716e73f07ff, type: 3}
  m_Name: 
  m_EditorClassIdentifier: 
  m_Navigation:
    m_Mode: 3
    m_SelectOnUp: {fileID: 0}
    m_SelectOnDown: {fileID: 0}
    m_SelectOnLeft: {fileID: 0}
    m_SelectOnRight: {fileID: 0}
  m_Transition: 1
  m_Colors:
    m_NormalColor: {r: 1, g: 1, b: 1, a: 1}
    m_HighlightedColor: {r: 0.9607843, g: 0.9607843, b: 0.9607843, a: 1}
    m_PressedColor: {r: 0.78431374, g: 0.78431374, b: 0.78431374, a: 1}
    m_SelectedColor: {r: 0.9607843, g: 0.9607843, b: 0.9607843, a: 1}
    m_DisabledColor: {r: 0.78431374, g: 0.78431374, b: 0.78431374, a: 0.5019608}
    m_ColorMultiplier: 1
    m_FadeDuration: 0.1
  m_SpriteState:
    m_HighlightedSprite: {fileID: 0}
    m_PressedSprite: {fileID: 0}
    m_SelectedSprite: {fileID: 0}
    m_DisabledSprite: {fileID: 0}
  m_AnimationTriggers:
    m_NormalTrigger: Normal
    m_HighlightedTrigger: Highlighted
    m_PressedTrigger: Pressed
    m_SelectedTrigger: Selected
    m_DisabledTrigger: Disabled
  m_Interactable: 1
  m_TargetGraphic: {fileID: 2135381622}
  m_OnClick:
    m_PersistentCalls:
      m_Calls: []
--- !u!114 &2135381622
MonoBehaviour:
  m_ObjectHideFlags: 0
  m_CorrespondingSourceObject: {fileID: 0}
  m_PrefabInstance: {fileID: 0}
  m_PrefabAsset: {fileID: 0}
  m_GameObject: {fileID: 2135381619}
  m_Enabled: 1
  m_EditorHideFlags: 0
  m_Script: {fileID: 11500000, guid: fe87c0e1cc204ed48ad3b37840f39efc, type: 3}
  m_Name: 
  m_EditorClassIdentifier: 
  m_Material: {fileID: 0}
  m_Color: {r: 1, g: 1, b: 1, a: 1}
  m_RaycastTarget: 1
  m_Maskable: 1
  m_OnCullStateChanged:
    m_PersistentCalls:
      m_Calls: []
  m_Sprite: {fileID: 21300000, guid: 82852ff66538d44ccb63c5afc39708a5, type: 3}
  m_Type: 0
  m_PreserveAspect: 0
  m_FillCenter: 1
  m_FillMethod: 4
  m_FillAmount: 1
  m_FillClockwise: 1
  m_FillOrigin: 0
  m_UseSpriteMesh: 0
  m_PixelsPerUnitMultiplier: 1
--- !u!222 &2135381623
CanvasRenderer:
  m_ObjectHideFlags: 0
  m_CorrespondingSourceObject: {fileID: 0}
  m_PrefabInstance: {fileID: 0}
  m_PrefabAsset: {fileID: 0}
  m_GameObject: {fileID: 2135381619}
  m_CullTransparentMesh: 0
